<?xml version="1.0" encoding="UTF-8"?>
<collection xmlns="http://www.loc.gov/MARC21/slim">
<record>
	<leader>00980cas a2200301 a 4500</leader>
	<controlfield tag="001">REROILS:75</controlfield>
	<controlfield tag="003">RERO</controlfield>
	<controlfield tag="005">20200711214600.0</controlfield>
	<controlfield tag="008">961207c19469999be |||m|| ||||0 || 0fre d</controlfield>
	<datafield ind1=" " ind2="9" tag="039">
		<subfield code="a">202007112146</subfield>
		<subfield code="b">VLOAD</subfield>
		<subfield code="c">201907051151</subfield>
		<subfield code="d">VLOAD</subfield>
		<subfield code="c">201706221050</subfield>
		<subfield code="d">0210</subfield>
		<subfield code="c">201705151512</subfield>
		<subfield code="d">VLOAD</subfield>
		<subfield code="y">1999022711090000</subfield>
		<subfield code="z">load</subfield>
	</datafield>
	<datafield ind1=" " ind2=" " tag="040">
		<subfield code="a">RERO</subfield>
	</datafield>
	<datafield ind1=" " ind2="7" tag="072">
		<subfield code="a">s1ph</subfield>
		<subfield code="2">rero</subfield>
	</datafield>
	<datafield ind1="0" ind2="0" tag="245">
		<subfield code="a">Bibliothèque philosophique de Louvain</subfield>
	</datafield>
	<datafield ind1=" " ind2="1" tag="264">
		<subfield code="a">Paris :</subfield>
		<subfield code="b">Vrin,</subfield>
		<subfield code="c">1946-&gt;</subfield>
	</datafield>
	<datafield ind1=" " ind2=" " tag="300">
		<subfield code="c">24 cm</subfield>
	</datafield>
	<datafield ind1=" " ind2=" " tag="336">
		<subfield code="b">txt</subfield>
		<subfield code="2">rdacontent</subfield>
	</datafield>
	<datafield ind1=" " ind2=" " tag="337">
		<subfield code="b">n</subfield>
		<subfield code="2">rdamedia</subfield>
	</datafield>
	<datafield ind1=" " ind2=" " tag="338">
		<subfield code="b">nc</subfield>
		<subfield code="2">rdacarrier</subfield>
	</datafield>
	<datafield ind1=" " ind2=" " tag="339">
		<subfield code="a">docmaintype_series</subfield>
	</datafield>
	<datafield ind1="0" ind2=" " tag="362">
		<subfield code="a">1-&gt;</subfield>
	</datafield>
	<datafield ind1="2" ind2=" " tag="710">
		<subfield code="a">Katholieke Universiteit Leuven (Louvain).</subfield>
		<subfield code="b">Hoger Instituut voor Wijsbegeerte</subfield>
		<subfield code="0">(IdRef)030744245</subfield>
	</datafield>
	<datafield ind1="2" ind2=" " tag="710">
		<subfield code="a">Université catholique de Louvain.</subfield>
		<subfield code="b">Institut supérieur de philosophie</subfield>
	</datafield>
	<datafield ind1=" " ind2=" " tag="900">
		<subfield code="a">noselfmerge</subfield>
	</datafield>
	<datafield ind1=" " ind2=" " tag="902">
		<subfield code="a">suitebge</subfield>
	</datafield>
	<datafield ind1=" " ind2=" " tag="956">
		<subfield code="a">frbcuc</subfield>
	</datafield>
	<datafield ind1=" " ind2=" " tag="957">
		<subfield code="a">gevbge</subfield>
	</datafield>
</record>