

<record>
	<leader>01373cjm a2200361 a 4500</leader>
	<controlfield tag="001">REROILS:57</controlfield>
	<controlfield tag="003">RERO</controlfield>
	<controlfield tag="005">20200120140900.0</controlfield>
	<controlfield tag="007">s|</controlfield>
	<controlfield tag="008">110203m20002004xxu|||||  ||||  | ||rus d</controlfield>
	<datafield ind1="1" ind2=" " tag="024">
		<subfield code="a">604907014223 (vol. 5)</subfield>
	</datafield>
	<datafield ind1="0" ind2="2" tag="028">
		<subfield code="a">Arbiter 142</subfield>
	</datafield>
	<datafield ind1=" " ind2=" " tag="035">
		<subfield code="a">R005918723</subfield>
	</datafield>
	<datafield ind1=" " ind2="9" tag="039">
		<subfield code="a">202001201409</subfield>
		<subfield code="b">VLOAD</subfield>
		<subfield code="c">201907041257</subfield>
		<subfield code="d">VLOAD</subfield>
		<subfield code="c">201705301407</subfield>
		<subfield code="d">VLOAD</subfield>
		<subfield code="c">201502080939</subfield>
		<subfield code="d">VLOAD</subfield>
		<subfield code="y">201102031356</subfield>
		<subfield code="z">1030</subfield>
	</datafield>
	<datafield ind1=" " ind2=" " tag="040">
		<subfield code="a">IHE</subfield>
		<subfield code="d">OCLCQ</subfield>
		<subfield code="d">DLC</subfield>
		<subfield code="d">RERO vsbcvs</subfield>
	</datafield>
	<datafield ind1=" " ind2="7" tag="072">
		<subfield code="a">s1mu</subfield>
		<subfield code="2">rero</subfield>
	</datafield>
	<datafield ind1="1" ind2=" " tag="100">
		<subfield code="a">Shali︠a︡pin, Fedor Ivanovich</subfield>
		<subfield code="4">cre</subfield>
	</datafield>
	<datafield ind1="1" ind2="4" tag="245">
		<subfield code="a">The Chaliapin edition</subfield>
	</datafield>
	<datafield ind1=" " ind2="1" tag="264">
		<subfield code="a">Linden Hill Station, N.Y. :</subfield>
		<subfield code="b">Arbiter,</subfield>
		<subfield code="c">2000-2004</subfield>
	</datafield>
	<datafield ind1=" " ind2=" " tag="300">
		<subfield code="a">5 disques compacts</subfield>
	</datafield>
	<datafield ind1=" " ind2=" " tag="336">
		<subfield code="b">prm</subfield>
		<subfield code="2">rdacontent</subfield>
	</datafield>
	<datafield ind1=" " ind2=" " tag="337">
		<subfield code="b">s</subfield>
		<subfield code="2">rdamedia</subfield>
	</datafield>
	<datafield ind1=" " ind2=" " tag="338">
		<subfield code="b">sd</subfield>
		<subfield code="2">rdacarrier</subfield>
	</datafield>
	<datafield ind1=" " ind2=" " tag="339">
		<subfield code="a">docmaintype_audio</subfield>
		<subfield code="b">docsubtype_music</subfield>
	</datafield>
	<datafield ind1=" " ind2=" " tag="500">
		<subfield code="a">From the private collection of Vladimir Gurvich</subfield>
	</datafield>
	<datafield ind1=" " ind2=" " tag="500">
		<subfield code="a">Program notes by Joseph Darsky and Mark Zaltsberg, and texts with English translations inserted in containers</subfield>
	</datafield>
	<datafield ind1="0" ind2=" " tag="505">
		<subfield code="a">Vol. 5: American &amp; British recordings, 1913-1921. - 2004</subfield>
	</datafield>
	<datafield ind1="0" ind2=" " tag="511">
		<subfield code="a">Feodor Chaliapin (chant) ; accompagné par divers orchestres et pianistes</subfield>
	</datafield>
	<datafield ind1=" " ind2="1" tag="900">
		<subfield code="a">LOC</subfield>
		<subfield code="b">20110203</subfield>
		<subfield code="c">Droits réservés</subfield>
	</datafield>
	<datafield ind1=" " ind2=" " tag="900">
		<subfield code="a">noselfmerge</subfield>
	</datafield>
	<datafield ind1=" " ind2=" " tag="973">
		<subfield code="a">vsbcvs</subfield>
	</datafield>
	<datafield ind1=" " ind2=" " tag="986">
		<subfield code="2">vs-pratcd</subfield>
		<subfield code="a">57</subfield>
	</datafield>
</record>