

<record>
	<leader>01400nas a2200385 a 4500</leader>
	<controlfield tag="001">REROILS:273</controlfield>
	<controlfield tag="003">RERO</controlfield>
	<controlfield tag="005">20201021125600.0</controlfield>
	<controlfield tag="008">011010c1975    sz |||p|| ||||0 || 0fre d</controlfield>
	<datafield ind1=" " ind2=" " tag="035">
		<subfield code="a">R003098121</subfield>
	</datafield>
	<datafield ind1=" " ind2="9" tag="039">
		<subfield code="a">202010211256</subfield>
		<subfield code="b">VLOAD</subfield>
		<subfield code="c">201910091238</subfield>
		<subfield code="d">5004</subfield>
		<subfield code="c">201910091221</subfield>
		<subfield code="d">5004</subfield>
		<subfield code="c">201807040118</subfield>
		<subfield code="d">VLOAD</subfield>
		<subfield code="y">200110021428</subfield>
		<subfield code="z">3313</subfield>
	</datafield>
	<datafield ind1=" " ind2=" " tag="040">
		<subfield code="a">RERO nebpun</subfield>
	</datafield>
	<datafield ind1=" " ind2=" " tag="044">
		<subfield code="a">sz</subfield>
		<subfield code="c">ch-ge</subfield>
	</datafield>
	<datafield ind1=" " ind2="7" tag="072">
		<subfield code="a">s1ss</subfield>
		<subfield code="2">rero</subfield>
	</datafield>
	<datafield ind1="0" ind2="0" tag="245">
		<subfield code="a">Bulletin officiel / Bureau international du travail.</subfield>
		<subfield code="p">Série C, Jugements rendus par le Tribunal administratif de l'Organisation internationale du travail</subfield>
	</datafield>
	<datafield ind1=" " ind2="1" tag="264">
		<subfield code="a">Genève :</subfield>
		<subfield code="b">Bureau international du travail,</subfield>
		<subfield code="c">1975-[?]</subfield>
	</datafield>
	<datafield ind1=" " ind2=" " tag="300">
		<subfield code="c">24 cm</subfield>
	</datafield>
	<datafield ind1=" " ind2=" " tag="336">
		<subfield code="b">txt</subfield>
		<subfield code="2">rdacontent</subfield>
	</datafield>
	<datafield ind1=" " ind2=" " tag="337">
		<subfield code="b">n</subfield>
		<subfield code="2">rdamedia</subfield>
	</datafield>
	<datafield ind1=" " ind2=" " tag="338">
		<subfield code="b">nc</subfield>
		<subfield code="2">rdacarrier</subfield>
	</datafield>
	<datafield ind1=" " ind2=" " tag="339">
		<subfield code="a">docmaintype_serial</subfield>
	</datafield>
	<datafield ind1="0" ind2=" " tag="362">
		<subfield code="a">Vol. 58(1975)-[?]</subfield>
	</datafield>
	<datafield ind1=" " ind2=" " tag="580">
		<subfield code="a">Fait suite après scission à: Bulletin officiel / Bureau international du travail</subfield>
	</datafield>
	<datafield ind1=" " ind2="7" tag="650">
		<subfield code="a">Arbeitsrecht</subfield>
		<subfield code="2">jurivoc</subfield>
		<subfield code="9">ger</subfield>
	</datafield>
	<datafield ind1=" " ind2="7" tag="650">
		<subfield code="a">international</subfield>
		<subfield code="2">jurivoc</subfield>
		<subfield code="9">ger</subfield>
	</datafield>
	<datafield ind1=" " ind2="7" tag="655">
		<subfield code="a">Periodikum</subfield>
		<subfield code="2">jurivoc</subfield>
		<subfield code="9">ger</subfield>
	</datafield>
	<datafield ind1="2" ind2=" " tag="710">
		<subfield code="a">Bureau international du travail</subfield>
	</datafield>
	<datafield ind1="1" ind2="0" tag="780">
		<subfield code="t">Bulletin officiel / Bureau international du travail</subfield>
		<subfield code="w">REROILS:2000001</subfield>
	</datafield>
	<datafield ind1=" " ind2=" " tag="900">
		<subfield code="a">noselfmerge</subfield>
	</datafield>
	<datafield ind1=" " ind2=" " tag="903">
		<subfield code="a">tflap</subfield>
		<subfield code="b">0</subfield>
		<subfield code="c">CH04</subfield>
	</datafield>
	<datafield ind1=" " ind2=" " tag="948">
		<subfield code="a">Vol. 58(1975)- 60(1977) -- relié avec Série A et B</subfield>
		<subfield code="9">iftfla</subfield>
	</datafield>
	<datafield ind1=" " ind2=" " tag="953">
		<subfield code="a">iftfla</subfield>
	</datafield>
	<datafield ind1=" " ind2=" " tag="962">
		<subfield code="a">nebpun</subfield>
	</datafield>
	<datafield ind1=" " ind2=" " tag="983">
		<subfield code="2">iftfla</subfield>
		<subfield code="a">TFLa K 26/286 b</subfield>
	</datafield>
	<datafield ind1=" " ind2=" " tag="994">
		<subfield code="a">CU 206 c</subfield>
		<subfield code="x">ne/bpun/a</subfield>
	</datafield>
</record>