

<record>
	<leader>00855naa a22002537a 4500</leader>
	<controlfield tag="001">REROILS:24</controlfield>
	<controlfield tag="003">RERO</controlfield>
	<controlfield tag="005">20170518133100.0</controlfield>
	<controlfield tag="008">980412s1967    xx ||| |  ||||00|  0fre d</controlfield>
	<datafield ind1=" " ind2=" " tag="035">
		<subfield code="a">R003447824</subfield>
	</datafield>
	<datafield ind1=" " ind2="9" tag="039">
		<subfield code="a">201705181331</subfield>
		<subfield code="b">VLOAD</subfield>
		<subfield code="c">201605141132</subfield>
		<subfield code="d">VLOAD</subfield>
		<subfield code="c">201210191811</subfield>
		<subfield code="d">VLOAD</subfield>
		<subfield code="c">201112192217</subfield>
		<subfield code="d">VLOAD</subfield>
		<subfield code="y">200506232323</subfield>
		<subfield code="z">VLOAD</subfield>
	</datafield>
	<datafield ind1=" " ind2=" " tag="040">
		<subfield code="a">RERO gewcc-</subfield>
	</datafield>
	<datafield ind1=" " ind2="7" tag="072">
		<subfield code="a">s1th</subfield>
		<subfield code="2">rero</subfield>
	</datafield>
	<datafield ind1="1" ind2=" " tag="100">
		<subfield code="a">Bea, Augustin,</subfield>
		<subfield code="d">1881-1968</subfield>
		<subfield code="4">cre</subfield>
	</datafield>
	<datafield ind1="1" ind2="3" tag="245">
		<subfield code="a">Le mouvement oecuménique s'est approfondi /</subfield>
		<subfield code="c">Cardinal Augustin Bea</subfield>
	</datafield>
	<datafield ind1=" " ind2="1" tag="264">
		<subfield code="c">1967</subfield>
	</datafield>
	<datafield ind1=" " ind2=" " tag="336">
		<subfield code="b">txt</subfield>
		<subfield code="2">rdacontent</subfield>
	</datafield>
	<datafield ind1=" " ind2=" " tag="337">
		<subfield code="b">n</subfield>
		<subfield code="2">rdamedia</subfield>
	</datafield>
	<datafield ind1=" " ind2=" " tag="338">
		<subfield code="b">nc</subfield>
		<subfield code="2">rdacarrier</subfield>
	</datafield>
	<datafield ind1=" " ind2=" " tag="339">
		<subfield code="a">docmaintype_article</subfield>
	</datafield>
	<datafield ind1=" " ind2=" " tag="580">
		<subfield code="a">In: Unitas ; v.20 (1967) No.78, p. 97-100</subfield>
	</datafield>
	<datafield ind1="1" ind2=" " tag="773">
		<subfield code="t">Unitas : international ecumenical review</subfield>
		<subfield code="g">v.20 (1967) No.78, p. 97-100</subfield>
		<subfield code="w">REROILS:2000003</subfield>
	</datafield>
	<datafield ind1=" " ind2=" " tag="957">
		<subfield code="a">gewcc-</subfield>
	</datafield>
	<datafield ind1=" " ind2=" " tag="982">
		<subfield code="2">wccsh</subfield>
		<subfield code="a">Roman Catholic Church</subfield>
		<subfield code="d">Ecumenical movement</subfield>
	</datafield>
</record>