

<record>
	<leader>01192nam a2200385 a 4500</leader>
	<controlfield tag="001">REROILS:255</controlfield>
	<controlfield tag="003">RERO</controlfield>
	<controlfield tag="005">20191208193100.0</controlfield>
	<controlfield tag="008">960525s1982    gw |||||| ||||00|| |ger d</controlfield>
	<datafield ind1=" " ind2=" " tag="020">
		<subfield code="a">9783806202335</subfield>
	</datafield>
	<datafield ind1=" " ind2=" " tag="035">
		<subfield code="a">0421135</subfield>
	</datafield>
	<datafield ind1=" " ind2="9" tag="039">
		<subfield code="a">201912081931</subfield>
		<subfield code="b">VLOAD</subfield>
		<subfield code="c">201904051547</subfield>
		<subfield code="d">7150</subfield>
		<subfield code="c">201706101956</subfield>
		<subfield code="d">VLOAD</subfield>
		<subfield code="c">201704031135</subfield>
		<subfield code="d">VLOAD</subfield>
		<subfield code="y">1999022720000000</subfield>
		<subfield code="z">load</subfield>
	</datafield>
	<datafield ind1=" " ind2=" " tag="040">
		<subfield code="a">RERO</subfield>
	</datafield>
	<datafield ind1=" " ind2="7" tag="072">
		<subfield code="a">s1ar</subfield>
		<subfield code="2">rero</subfield>
	</datafield>
	<datafield ind1="1" ind2=" " tag="100">
		<subfield code="a">Christlein, Rainer</subfield>
		<subfield code="4">cre</subfield>
		<subfield code="0">(IdRef)093644701</subfield>
	</datafield>
	<datafield ind1="1" ind2="4" tag="245">
		<subfield code="a">Das unterirdische Bayern :</subfield>
		<subfield code="b">7000 Jahre Geschichte und Archäologie im Luftbild /</subfield>
		<subfield code="c">Rainer Christlein und Otto Braasch</subfield>
	</datafield>
	<datafield ind1=" " ind2="1" tag="264">
		<subfield code="a">Stuttgart :</subfield>
		<subfield code="b">K. Theiss,</subfield>
		<subfield code="c">[1982]</subfield>
	</datafield>
	<datafield ind1=" " ind2="4" tag="264">
		<subfield code="c">© 1982</subfield>
	</datafield>
	<datafield ind1=" " ind2=" " tag="300">
		<subfield code="a">275 p. :</subfield>
		<subfield code="b">ill. ;</subfield>
		<subfield code="c">26 cm</subfield>
	</datafield>
	<datafield ind1=" " ind2=" " tag="336">
		<subfield code="b">txt</subfield>
		<subfield code="2">rdacontent</subfield>
	</datafield>
	<datafield ind1=" " ind2=" " tag="337">
		<subfield code="b">n</subfield>
		<subfield code="2">rdamedia</subfield>
	</datafield>
	<datafield ind1=" " ind2=" " tag="338">
		<subfield code="b">nc</subfield>
		<subfield code="2">rdacarrier</subfield>
	</datafield>
	<datafield ind1=" " ind2=" " tag="339">
		<subfield code="a">docmaintype_book</subfield>
		<subfield code="b">docsubtype_other_book</subfield>
	</datafield>
	<datafield ind1=" " ind2="7" tag="650">
		<subfield code="a">Archéologie</subfield>
		<subfield code="2">rero</subfield>
	</datafield>
	<datafield ind1=" " ind2="7" tag="651">
		<subfield code="a">Bavière (Allemagne)</subfield>
		<subfield code="2">rero</subfield>
	</datafield>
	<datafield ind1="1" ind2=" " tag="700">
		<subfield code="a">Braasch, Otto</subfield>
		<subfield code="0">(IdRef)137401922</subfield>
	</datafield>
	<datafield ind1=" " ind2=" " tag="900">
		<subfield code="a">noselfmerge</subfield>
	</datafield>
	<datafield ind1=" " ind2=" " tag="919">
		<subfield code="9">651 _7</subfield>
		<subfield code="a">Bavière (Allemagne)</subfield>
		<subfield code="x">* archéologie</subfield>
		<subfield code="2">chrero</subfield>
	</datafield>
	<datafield ind1=" " ind2=" " tag="956">
		<subfield code="a">frvsac</subfield>
	</datafield>
	<datafield ind1=" " ind2=" " tag="957">
		<subfield code="a">geussc</subfield>
	</datafield>
	<datafield ind1=" " ind2=" " tag="960">
		<subfield code="a">jubicj</subfield>
	</datafield>
	<datafield ind1=" " ind2=" " tag="962">
		<subfield code="a">neulap</subfield>
	</datafield>
	<datafield ind1=" " ind2=" " tag="982">
		<subfield code="2">cdu-sys-geussc</subfield>
		<subfield code="a">903/904(430)</subfield>
	</datafield>
</record>