

<record>
	<leader>01162nas a2200289 a 4500</leader>
	<controlfield tag="001">REROILS:66</controlfield>
	<controlfield tag="003">RERO</controlfield>
	<controlfield tag="005">20190705121300.0</controlfield>
	<controlfield tag="008">971204u19939999gw |||m|  ||||0 |  0ger d</controlfield>
	<datafield ind1=" " ind2=" " tag="019">
		<subfield code="a">Bibliogr. dans la Deutsche Nationalbibliographie</subfield>
		<subfield code="9">vsbcvs/12.1997</subfield>
	</datafield>
	<datafield ind1=" " ind2=" " tag="035">
		<subfield code="a">R222722360</subfield>
	</datafield>
	<datafield ind1=" " ind2=" " tag="039">
		<subfield code="b">1021</subfield>
		<subfield code="b">1000</subfield>
		<subfield code="b">1021</subfield>
	</datafield>
	<datafield ind1=" " ind2="9" tag="039">
		<subfield code="a">201907051213</subfield>
		<subfield code="b">VLOAD</subfield>
		<subfield code="c">201705180753</subfield>
		<subfield code="d">VLOAD</subfield>
		<subfield code="c">200605280047</subfield>
		<subfield code="d">VLOAD</subfield>
		<subfield code="y">1999030120140000</subfield>
		<subfield code="z">load0010</subfield>
	</datafield>
	<datafield ind1=" " ind2=" " tag="040">
		<subfield code="a">RERO vsbcvs</subfield>
	</datafield>
	<datafield ind1=" " ind2="7" tag="072">
		<subfield code="a">s1et</subfield>
		<subfield code="2">rero</subfield>
	</datafield>
	<datafield ind1="0" ind2="0" tag="245">
		<subfield code="a">Arbeitskreis Volkskunde und Kulturwissenschaften :</subfield>
		<subfield code="b">Schriften des Arbeitskreises Volkskunde und Kulturwissenschaften</subfield>
	</datafield>
	<datafield ind1="3" ind2=" " tag="246">
		<subfield code="a">Schriften / Arbeitskreis Volkskunde und Kulturwissenschaften</subfield>
	</datafield>
	<datafield ind1="3" ind2=" " tag="246">
		<subfield code="a">Schriften des Arbeitskreises Volkskunde und Kulturwissenschaften</subfield>
	</datafield>
	<datafield ind1=" " ind2="1" tag="264">
		<subfield code="a">Marburg :</subfield>
		<subfield code="b">Arbeitskreis Volkskunde und Kulturwissenschaften,</subfield>
		<subfield code="c">1993-&gt;</subfield>
	</datafield>
	<datafield ind1=" " ind2=" " tag="300">
		<subfield code="c">22 cm</subfield>
	</datafield>
	<datafield ind1=" " ind2=" " tag="336">
		<subfield code="b">txt</subfield>
		<subfield code="2">rdacontent</subfield>
	</datafield>
	<datafield ind1=" " ind2=" " tag="337">
		<subfield code="b">n</subfield>
		<subfield code="2">rdamedia</subfield>
	</datafield>
	<datafield ind1=" " ind2=" " tag="338">
		<subfield code="b">nc</subfield>
		<subfield code="2">rdacarrier</subfield>
	</datafield>
	<datafield ind1=" " ind2=" " tag="339">
		<subfield code="a">docmaintype_series</subfield>
	</datafield>
	<datafield ind1=" " ind2=" " tag="500">
		<subfield code="a">Anderer Titel: Schriften / Arbeitskreis Volkskunde und Kulturwissenschaften</subfield>
	</datafield>
	<datafield ind1="2" ind2=" " tag="710">
		<subfield code="a">Arbeitskreis Volkskunde und Kulturwissenschaften (Marburg)</subfield>
	</datafield>
	<datafield ind1=" " ind2=" " tag="900">
		<subfield code="a">noselfmerge</subfield>
	</datafield>
</record>