

<record>
	<leader>01381nas a22003612a 4500</leader>
	<controlfield tag="001">REROILS:38</controlfield>
	<controlfield tag="003">RERO</controlfield>
	<controlfield tag="005">20190705123900.0</controlfield>
	<controlfield tag="008">001004c19679999sz |||m|  ||||0 |  0ger d</controlfield>
	<datafield ind1=" " ind2=" " tag="019">
		<subfield code="a">Copié dans Helveticat</subfield>
		<subfield code="9">vsbcvs/09.00</subfield>
	</datafield>
	<datafield ind1=" " ind2=" " tag="022">
		<subfield code="a">0582-1746</subfield>
	</datafield>
	<datafield ind1=" " ind2=" " tag="035">
		<subfield code="a">R275202660</subfield>
	</datafield>
	<datafield ind1=" " ind2=" " tag="039">
		<subfield code="b">1009i</subfield>
		<subfield code="b">1003</subfield>
	</datafield>
	<datafield ind1=" " ind2="9" tag="039">
		<subfield code="a">201907051239</subfield>
		<subfield code="b">VLOAD</subfield>
		<subfield code="c">201808301441</subfield>
		<subfield code="d">VLOAD</subfield>
		<subfield code="c">201706111330</subfield>
		<subfield code="d">VLOAD</subfield>
		<subfield code="c">200605290653</subfield>
		<subfield code="d">VLOAD</subfield>
		<subfield code="y">200009300050</subfield>
		<subfield code="z">VLOAD</subfield>
	</datafield>
	<datafield ind1=" " ind2=" " tag="040">
		<subfield code="a">RERO vsbcvs</subfield>
	</datafield>
	<datafield ind1="0" ind2=" " tag="041">
		<subfield code="a">ger</subfield>
		<subfield code="a">fre</subfield>
		<subfield code="a">ita</subfield>
	</datafield>
	<datafield ind1="0" ind2="0" tag="245">
		<subfield code="a">Schriftenreihe / Schweizerische Vereinigung für Ernährung =</subfield>
		<subfield code="b">Série de cahiers / Association suisse pour l'alimentation = Collana di opuscoli / Associazione svizzera per l'alimentazione</subfield>
	</datafield>
	<datafield ind1="3" ind2=" " tag="246">
		<subfield code="a">Série de cahiers / Association suisse pour l'alimentation</subfield>
	</datafield>
	<datafield ind1="3" ind2=" " tag="246">
		<subfield code="a">Collana di opuscoli / Associazione svizzera per l'alimentazione</subfield>
	</datafield>
	<datafield ind1=" " ind2="1" tag="264">
		<subfield code="a">Bern :</subfield>
		<subfield code="b">Schweizerische Vereinigung für Ernährung,</subfield>
		<subfield code="c">1967-&gt;</subfield>
	</datafield>
	<datafield ind1=" " ind2=" " tag="300">
		<subfield code="c">21 cm</subfield>
	</datafield>
	<datafield ind1=" " ind2=" " tag="336">
		<subfield code="b">txt</subfield>
		<subfield code="2">rdacontent</subfield>
	</datafield>
	<datafield ind1=" " ind2=" " tag="337">
		<subfield code="b">n</subfield>
		<subfield code="2">rdamedia</subfield>
	</datafield>
	<datafield ind1=" " ind2=" " tag="338">
		<subfield code="b">nc</subfield>
		<subfield code="2">rdacarrier</subfield>
	</datafield>
	<datafield ind1=" " ind2=" " tag="339">
		<subfield code="a">docmaintype_series</subfield>
	</datafield>
	<datafield ind1="0" ind2=" " tag="362">
		<subfield code="a">H. 1(1967)-&gt;</subfield>
	</datafield>
	<datafield ind1=" " ind2="7" tag="650">
		<subfield code="a">Alimentation</subfield>
		<subfield code="2">rero</subfield>
	</datafield>
	<datafield ind1=" " ind2="7" tag="650">
		<subfield code="a">Hygiène</subfield>
		<subfield code="2">rero</subfield>
	</datafield>
	<datafield ind1=" " ind2="7" tag="651">
		<subfield code="a">Suisse</subfield>
		<subfield code="2">rero</subfield>
		<subfield code="0">(IdRef)027249654</subfield>
	</datafield>
	<datafield ind1=" " ind2="7" tag="655">
		<subfield code="a">[Publications officielles]</subfield>
		<subfield code="2">rero</subfield>
	</datafield>
	<datafield ind1="2" ind2=" " tag="710">
		<subfield code="a">Association suisse pour l'alimentation</subfield>
	</datafield>
	<datafield ind1=" " ind2=" " tag="900">
		<subfield code="a">noselfmerge</subfield>
	</datafield>
	<datafield ind1=" " ind2=" " tag="919">
		<subfield code="9">650 _7</subfield>
		<subfield code="a">alimentation</subfield>
		<subfield code="x">hygiène</subfield>
		<subfield code="z">Suisse</subfield>
		<subfield code="v">[publication officielle]</subfield>
		<subfield code="2">chrero</subfield>
	</datafield>
</record>