

<record>
	<leader>00901nam a2200289 a 4500</leader>
	<controlfield tag="001">REROILS:195</controlfield>
	<controlfield tag="003">RERO</controlfield>
	<controlfield tag="005">20170517083400.0</controlfield>
	<controlfield tag="008">900530s1936    gw |||||| ||||00|| |ger d</controlfield>
	<datafield ind1=" " ind2=" " tag="035">
		<subfield code="a">1248586</subfield>
	</datafield>
	<datafield ind1=" " ind2="9" tag="039">
		<subfield code="a">201705170834</subfield>
		<subfield code="b">VLOAD</subfield>
		<subfield code="c">201704011731</subfield>
		<subfield code="d">VLOAD</subfield>
		<subfield code="c">201209251722</subfield>
		<subfield code="d">VLOAD</subfield>
		<subfield code="c">200812222209</subfield>
		<subfield code="d">VLOAD</subfield>
		<subfield code="y">1999022815100000</subfield>
		<subfield code="z">load</subfield>
	</datafield>
	<datafield ind1=" " ind2=" " tag="040">
		<subfield code="a">RERO lausst</subfield>
	</datafield>
	<datafield ind1=" " ind2="7" tag="072">
		<subfield code="a">s1st</subfield>
		<subfield code="2">rero</subfield>
	</datafield>
	<datafield ind1="0" ind2="4" tag="245">
		<subfield code="a">Das ausseralpine Westeuropa.</subfield>
		<subfield code="n">T. 3,</subfield>
		<subfield code="p">Die Struktur des Oberbaues und das Quartär Nordeuropas</subfield>
	</datafield>
	<datafield ind1=" " ind2="1" tag="264">
		<subfield code="a">Berlin :</subfield>
		<subfield code="b">Bornträger,</subfield>
		<subfield code="c">1936</subfield>
	</datafield>
	<datafield ind1=" " ind2=" " tag="300">
		<subfield code="a">VIII, p. 1136-1603. :</subfield>
		<subfield code="b">ill. ;</subfield>
		<subfield code="c">26 cm</subfield>
	</datafield>
	<datafield ind1=" " ind2=" " tag="336">
		<subfield code="b">txt</subfield>
		<subfield code="2">rdacontent</subfield>
	</datafield>
	<datafield ind1=" " ind2=" " tag="337">
		<subfield code="b">n</subfield>
		<subfield code="2">rdamedia</subfield>
	</datafield>
	<datafield ind1=" " ind2=" " tag="338">
		<subfield code="b">nc</subfield>
		<subfield code="2">rdacarrier</subfield>
	</datafield>
	<datafield ind1=" " ind2=" " tag="339">
		<subfield code="a">docmaintype_book</subfield>
		<subfield code="b">docsubtype_other_book</subfield>
	</datafield>
	<datafield ind1=" " ind2="4" tag="830">
		<subfield code="a">Das ausseralpine Westeuropa</subfield>
		<subfield code="v">3</subfield>
		<subfield code="w">REROILS:2000005</subfield>
	</datafield>
	<datafield ind1=" " ind2=" " tag="900">
		<subfield code="a">noselfmerge</subfield>
	</datafield>
	<datafield ind1=" " ind2=" " tag="956">
		<subfield code="a">frbcuc</subfield>
	</datafield>
	<datafield ind1=" " ind2=" " tag="957">
		<subfield code="a">gevbge</subfield>
	</datafield>
	<datafield ind1=" " ind2=" " tag="962">
		<subfield code="a">neusge</subfield>
	</datafield>
	<datafield ind1=" " ind2=" " tag="992">
		<subfield code="a">BGE ZV 397/2/3</subfield>
		<subfield code="x">ge/vbge/x</subfield>
	</datafield>
</record>