

<record>
	<leader>01264cam a2200337 a 4500</leader>
	<controlfield tag="001">REROILS:185</controlfield>
	<controlfield tag="003">RERO</controlfield>
	<controlfield tag="005">20170520182200.0</controlfield>
	<controlfield tag="008">160126q1941    fr ||| |  ||||00|  |fre d</controlfield>
	<datafield ind1="7" ind2=" " tag="024">
		<subfield code="a">http://catalogue.bnf.fr/ark:/12148/cb32521506m</subfield>
		<subfield code="2">uri</subfield>
	</datafield>
	<datafield ind1=" " ind2=" " tag="035">
		<subfield code="a">R008349734</subfield>
	</datafield>
	<datafield ind1=" " ind2="9" tag="039">
		<subfield code="a">201705201822</subfield>
		<subfield code="b">VLOAD</subfield>
		<subfield code="y">201601261253</subfield>
		<subfield code="z">6028</subfield>
	</datafield>
	<datafield ind1=" " ind2=" " tag="040">
		<subfield code="a">ZWZ</subfield>
		<subfield code="d">OCLCQ</subfield>
		<subfield code="d">RERO gevbge</subfield>
	</datafield>
	<datafield ind1=" " ind2="7" tag="072">
		<subfield code="a">s1zz</subfield>
		<subfield code="2">rero</subfield>
	</datafield>
	<datafield ind1="1" ind2=" " tag="100">
		<subfield code="a">Pétain, Philippe</subfield>
		<subfield code="4">cre</subfield>
		<subfield code="0">(IdRef)027337049</subfield>
	</datafield>
	<datafield ind1="1" ind2="0" tag="245">
		<subfield code="a">Message du Maréchal Pétain, chef de l'Etat :</subfield>
		<subfield code="b">12 Aout 1941</subfield>
	</datafield>
	<datafield ind1=" " ind2="1" tag="264">
		<subfield code="a">Aurillac :</subfield>
		<subfield code="b">Impr. moderne,</subfield>
		<subfield code="c">[1941?]</subfield>
	</datafield>
	<datafield ind1=" " ind2=" " tag="300">
		<subfield code="a">14 p. ;</subfield>
		<subfield code="c">In-8</subfield>
	</datafield>
	<datafield ind1=" " ind2=" " tag="336">
		<subfield code="b">txt</subfield>
		<subfield code="2">rdacontent</subfield>
	</datafield>
	<datafield ind1=" " ind2=" " tag="337">
		<subfield code="b">n</subfield>
		<subfield code="2">rdamedia</subfield>
	</datafield>
	<datafield ind1=" " ind2=" " tag="338">
		<subfield code="b">nc</subfield>
		<subfield code="2">rdacarrier</subfield>
	</datafield>
	<datafield ind1=" " ind2=" " tag="339">
		<subfield code="a">docmaintype_book</subfield>
		<subfield code="b">docsubtype_other_book</subfield>
	</datafield>
	<datafield ind1=" " ind2=" " tag="500">
		<subfield code="a">[Légion française des combattants. Union départementale départemental Cantal]</subfield>
	</datafield>
	<datafield ind1=" " ind2=" " tag="500">
		<subfield code="a">La couverture porte : &quot;La Légion demeure, en zone libre, le meilleur instrument de la Révolution mondiale.&quot;</subfield>
	</datafield>
	<datafield ind1=" " ind2="1" tag="900">
		<subfield code="a">OCoLC</subfield>
		<subfield code="b">20160126</subfield>
		<subfield code="c">Droits réservés</subfield>
	</datafield>
	<datafield ind1=" " ind2=" " tag="900">
		<subfield code="a">noselfmerge</subfield>
	</datafield>
	<datafield ind1=" " ind2=" " tag="919">
		<subfield code="a">France. Parti. Légion</subfield>
	</datafield>
	<datafield ind1=" " ind2=" " tag="919">
		<subfield code="a">France. Politique générale après 1940</subfield>
	</datafield>
	<datafield ind1=" " ind2=" " tag="930">
		<subfield code="a">(OCoLC) ocn495356174</subfield>
	</datafield>
	<datafield ind1=" " ind2=" " tag="957">
		<subfield code="a">gevbge</subfield>
	</datafield>
</record>