

<record>
	<leader>00979naa a22002777a 4500</leader>
	<controlfield tag="001">REROILS:63</controlfield>
	<controlfield tag="003">RERO</controlfield>
	<controlfield tag="005">20170518133200.0</controlfield>
	<controlfield tag="008">980412s1989    xx ||| |  ||||00|  0eng d</controlfield>
	<datafield ind1=" " ind2=" " tag="035">
		<subfield code="a">R003447921</subfield>
	</datafield>
	<datafield ind1=" " ind2="9" tag="039">
		<subfield code="a">201705181332</subfield>
		<subfield code="b">VLOAD</subfield>
		<subfield code="c">201605141132</subfield>
		<subfield code="d">VLOAD</subfield>
		<subfield code="c">201210191811</subfield>
		<subfield code="d">VLOAD</subfield>
		<subfield code="c">201112192217</subfield>
		<subfield code="d">VLOAD</subfield>
		<subfield code="y">200506232324</subfield>
		<subfield code="z">VLOAD</subfield>
	</datafield>
	<datafield ind1=" " ind2=" " tag="040">
		<subfield code="a">RERO gewcc-</subfield>
	</datafield>
	<datafield ind1=" " ind2="7" tag="072">
		<subfield code="a">s1th</subfield>
		<subfield code="2">rero</subfield>
	</datafield>
	<datafield ind1="0" ind2="0" tag="245">
		<subfield code="a">Report on the Youth Pre-conference &quot;Risking obedience&quot;</subfield>
	</datafield>
	<datafield ind1=" " ind2="1" tag="264">
		<subfield code="c">1989</subfield>
	</datafield>
	<datafield ind1=" " ind2=" " tag="336">
		<subfield code="b">txt</subfield>
		<subfield code="2">rdacontent</subfield>
	</datafield>
	<datafield ind1=" " ind2=" " tag="337">
		<subfield code="b">n</subfield>
		<subfield code="2">rdamedia</subfield>
	</datafield>
	<datafield ind1=" " ind2=" " tag="338">
		<subfield code="b">nc</subfield>
		<subfield code="2">rdacarrier</subfield>
	</datafield>
	<datafield ind1=" " ind2=" " tag="339">
		<subfield code="a">docmaintype_article</subfield>
	</datafield>
	<datafield ind1=" " ind2=" " tag="580">
		<subfield code="a">In: International Review of Mission ; v. 78 (July/October 1989), no. 311/312, p. 426-430</subfield>
	</datafield>
	<datafield ind1="1" ind2=" " tag="773">
		<subfield code="t">International review of mission</subfield>
		<subfield code="g">v. 78 (July/October 1989), no. 311/312, p. 426-430</subfield>
	</datafield>
	<datafield ind1=" " ind2=" " tag="957">
		<subfield code="a">gewcc-</subfield>
	</datafield>
	<datafield ind1=" " ind2=" " tag="982">
		<subfield code="2">wccsh</subfield>
		<subfield code="a">San Antonio, 1989</subfield>
	</datafield>
	<datafield ind1=" " ind2=" " tag="982">
		<subfield code="2">wccsh</subfield>
		<subfield code="a">Youth</subfield>
		<subfield code="d">Ecumenical movement</subfield>
	</datafield>
	<datafield ind1=" " ind2=" " tag="982">
		<subfield code="2">wccsh</subfield>
		<subfield code="a">God</subfield>
		<subfield code="d">Will</subfield>
	</datafield>
	<datafield ind1=" " ind2=" " tag="982">
		<subfield code="2">wccsh</subfield>
		<subfield code="a">Missions</subfield>
		<subfield code="d">Ecumenical theology</subfield>
	</datafield>
</record>