

<record>
	<leader>01695cam a2200529 a 4500</leader>
	<controlfield tag="001">REROILS:228</controlfield>
	<controlfield tag="003">RERO</controlfield>
	<controlfield tag="005">20201110142900.0</controlfield>
	<controlfield tag="008">150330s2015    fr ||| |  ||||00|  |fre d</controlfield>
	<datafield ind1=" " ind2=" " tag="020">
		<subfield code="a">9782746508804</subfield>
	</datafield>
	<datafield ind1="7" ind2=" " tag="024">
		<subfield code="a">http://catalogue.bnf.fr/ark:/12148/cb442907992</subfield>
		<subfield code="2">uri</subfield>
	</datafield>
	<datafield ind1=" " ind2=" " tag="035">
		<subfield code="a">R008109613</subfield>
	</datafield>
	<datafield ind1=" " ind2="9" tag="039">
		<subfield code="a">202011101429</subfield>
		<subfield code="b">VLOAD</subfield>
		<subfield code="c">202001061723</subfield>
		<subfield code="d">VLOAD</subfield>
		<subfield code="c">201905141028</subfield>
		<subfield code="d">3812</subfield>
		<subfield code="c">201809261437</subfield>
		<subfield code="d">3710</subfield>
		<subfield code="y">201503301518</subfield>
		<subfield code="z">1325</subfield>
	</datafield>
	<datafield ind1=" " ind2=" " tag="040">
		<subfield code="a">RERO vsbcvs</subfield>
	</datafield>
	<datafield ind1=" " ind2="7" tag="072">
		<subfield code="a">s1fr</subfield>
		<subfield code="2">rero</subfield>
	</datafield>
	<datafield ind1="1" ind2=" " tag="100">
		<subfield code="a">Plas, Alain</subfield>
		<subfield code="4">cre</subfield>
		<subfield code="0">(IdRef)171084896</subfield>
	</datafield>
	<datafield ind1="1" ind2="3" tag="245">
		<subfield code="a">La folle invention du professeur Plac /</subfield>
		<subfield code="c">Alain Plas</subfield>
	</datafield>
	<datafield ind1=" " ind2="1" tag="264">
		<subfield code="a">Paris :</subfield>
		<subfield code="b">Le Pommier,</subfield>
		<subfield code="c">2015</subfield>
	</datafield>
	<datafield ind1=" " ind2=" " tag="300">
		<subfield code="a">137 p.</subfield>
	</datafield>
	<datafield ind1=" " ind2=" " tag="336">
		<subfield code="b">txt</subfield>
		<subfield code="2">rdacontent</subfield>
	</datafield>
	<datafield ind1=" " ind2=" " tag="337">
		<subfield code="b">n</subfield>
		<subfield code="2">rdamedia</subfield>
	</datafield>
	<datafield ind1=" " ind2=" " tag="338">
		<subfield code="b">nc</subfield>
		<subfield code="2">rdacarrier</subfield>
	</datafield>
	<datafield ind1=" " ind2=" " tag="339">
		<subfield code="a">docmaintype_book</subfield>
		<subfield code="b">docsubtype_other_book</subfield>
	</datafield>
	<datafield ind1="1" ind2=" " tag="490">
		<subfield code="a">Chasseurs de temps / Alain Plas</subfield>
		<subfield code="v">1</subfield>
	</datafield>
	<datafield ind1="0" ind2=" " tag="490">
		<subfield code="a">Romans &amp; plus junior</subfield>
	</datafield>
	<datafield ind1="8" ind2=" " tag="520">
		<subfield code="a">Fictions jeunesse: roman, préhistoire, science fiction</subfield>
		<subfield code="9">vssibj/07.2015</subfield>
	</datafield>
	<datafield ind1=" " ind2=" " tag="521">
		<subfield code="a">Enfants (9-12 ans)</subfield>
		<subfield code="9">vssibj/07.2015</subfield>
	</datafield>
	<datafield ind1=" " ind2="7" tag="650">
		<subfield code="a">Voyages dans le temps</subfield>
		<subfield code="2">rero</subfield>
	</datafield>
	<datafield ind1=" " ind2="7" tag="655">
		<subfield code="a">[Fictions]</subfield>
		<subfield code="2">rero</subfield>
	</datafield>
	<datafield ind1=" " ind2="7" tag="655">
		<subfield code="a">[Ouvrages pour la jeunesse]</subfield>
		<subfield code="2">rero</subfield>
	</datafield>
	<datafield ind1=" " ind2="7" tag="655">
		<subfield code="a">[Roman pour la jeunesse]</subfield>
		<subfield code="2">rero</subfield>
	</datafield>
	<datafield ind1=" " ind2="7" tag="655">
		<subfield code="a">[Science-fiction pour la jeunesse]</subfield>
		<subfield code="2">rero</subfield>
	</datafield>
	<datafield ind1="1" ind2=" " tag="800">
		<subfield code="a">Plas, Alain. -</subfield>
		<subfield code="t">Chasseurs de temps</subfield>
		<subfield code="v">1</subfield>
		<subfield code="w">REROILS:193</subfield>
	</datafield>
	<datafield ind1=" " ind2=" " tag="900">
		<subfield code="a">noselfmerge</subfield>
	</datafield>
	<datafield ind1=" " ind2=" " tag="904">
		<subfield code="a">necfesfna</subfield>
		<subfield code="b">1612</subfield>
		<subfield code="c">01</subfield>
	</datafield>
	<datafield ind1=" " ind2=" " tag="904">
		<subfield code="a">necfesbna</subfield>
		<subfield code="b">1612</subfield>
		<subfield code="c">01</subfield>
	</datafield>
	<datafield ind1=" " ind2=" " tag="904">
		<subfield code="a">necfesnna</subfield>
		<subfield code="b">1612</subfield>
		<subfield code="c">01</subfield>
	</datafield>
	<datafield ind1=" " ind2=" " tag="906">
		<subfield code="a">vssibj</subfield>
		<subfield code="b">2015/07</subfield>
		<subfield code="c">04</subfield>
	</datafield>
	<datafield ind1=" " ind2=" " tag="906">
		<subfield code="a">vsmome</subfield>
		<subfield code="b">2015/09</subfield>
		<subfield code="c">02</subfield>
	</datafield>
	<datafield ind1=" " ind2=" " tag="962">
		<subfield code="a">necfes necmih</subfield>
	</datafield>
	<datafield ind1=" " ind2=" " tag="973">
		<subfield code="a">vsbcvs vsmome</subfield>
	</datafield>
	<datafield ind1=" " ind2=" " tag="986">
		<subfield code="2">cdu-vsmome</subfield>
		<subfield code="a">PLAS</subfield>
	</datafield>
	<datafield ind1=" " ind2=" " tag="994">
		<subfield code="a">ESCFF PLA</subfield>
		<subfield code="x">-</subfield>
	</datafield>
	<datafield ind1=" " ind2=" " tag="994">
		<subfield code="a">ESCFB PLA</subfield>
		<subfield code="x">-</subfield>
	</datafield>
	<datafield ind1=" " ind2=" " tag="994">
		<subfield code="a">ESCFN PLA</subfield>
		<subfield code="x">-</subfield>
	</datafield>
	<datafield ind1=" " ind2=" " tag="994">
		<subfield code="a">CMIH 82-3 PLA</subfield>
		<subfield code="x">-</subfield>
	</datafield>
</record>