

<record>
	<leader>01147nam a2200373 a 4500</leader>
	<controlfield tag="001">REROILS:31</controlfield>
	<controlfield tag="003">RERO</controlfield>
	<controlfield tag="005">20171214145100.0</controlfield>
	<controlfield tag="008">170510s2017    gw |||||| ||||00|| |ger d</controlfield>
	<datafield ind1=" " ind2=" " tag="020">
		<subfield code="a">9783406706417</subfield>
	</datafield>
	<datafield ind1=" " ind2=" " tag="035">
		<subfield code="a">R008647727</subfield>
	</datafield>
	<datafield ind1=" " ind2="7" tag="039">
		<subfield code="b">1109</subfield>
	</datafield>
	<datafield ind1=" " ind2="9" tag="039">
		<subfield code="a">201712141451</subfield>
		<subfield code="b">1013</subfield>
		<subfield code="c">201705311130</subfield>
		<subfield code="d">1215</subfield>
		<subfield code="c">201705201126</subfield>
		<subfield code="d">VLOAD</subfield>
		<subfield code="c">201705120924</subfield>
		<subfield code="d">1109</subfield>
		<subfield code="y">201705101536</subfield>
		<subfield code="z">1314</subfield>
	</datafield>
	<datafield ind1=" " ind2=" " tag="040">
		<subfield code="a">RERO vsbcvs</subfield>
	</datafield>
	<datafield ind1=" " ind2="7" tag="072">
		<subfield code="a">s1hg</subfield>
		<subfield code="2">rero</subfield>
	</datafield>
	<datafield ind1="1" ind2=" " tag="100">
		<subfield code="a">Dams, Carsten</subfield>
		<subfield code="4">cre</subfield>
		<subfield code="0">(IdRef)034708138</subfield>
	</datafield>
	<datafield ind1="1" ind2="4" tag="245">
		<subfield code="a">Die Gestapo :</subfield>
		<subfield code="b">Herrschaft und Terror im Dritten Reich /</subfield>
		<subfield code="c">Carsten Dams, Michael Stolle</subfield>
	</datafield>
	<datafield ind1=" " ind2=" " tag="250">
		<subfield code="a">4., aktualisierte Aufl.</subfield>
	</datafield>
	<datafield ind1=" " ind2="1" tag="264">
		<subfield code="a">München :</subfield>
		<subfield code="b">C.H. Beck,</subfield>
		<subfield code="c">2017</subfield>
	</datafield>
	<datafield ind1=" " ind2=" " tag="300">
		<subfield code="a">252 S.</subfield>
	</datafield>
	<datafield ind1=" " ind2=" " tag="336">
		<subfield code="b">txt</subfield>
		<subfield code="2">rdacontent</subfield>
	</datafield>
	<datafield ind1=" " ind2=" " tag="337">
		<subfield code="b">n</subfield>
		<subfield code="2">rdamedia</subfield>
	</datafield>
	<datafield ind1=" " ind2=" " tag="338">
		<subfield code="b">nc</subfield>
		<subfield code="2">rdacarrier</subfield>
	</datafield>
	<datafield ind1=" " ind2=" " tag="339">
		<subfield code="a">docmaintype_book</subfield>
		<subfield code="b">docsubtype_other_book</subfield>
	</datafield>
	<datafield ind1="1" ind2=" " tag="490">
		<subfield code="a">Beck'sche Reihe</subfield>
		<subfield code="v">1856</subfield>
	</datafield>
	<datafield ind1="2" ind2="7" tag="610">
		<subfield code="a">Allemagne.</subfield>
		<subfield code="b">Gestapo</subfield>
		<subfield code="2">rero</subfield>
	</datafield>
	<datafield ind1=" " ind2="7" tag="650">
		<subfield code="a">1933-1945</subfield>
		<subfield code="2">rero</subfield>
	</datafield>
	<datafield ind1="1" ind2=" " tag="700">
		<subfield code="a">Stolle, Michael</subfield>
		<subfield code="0">(IdRef)144600749</subfield>
	</datafield>
	<datafield ind1=" " ind2="0" tag="830">
		<subfield code="a">Beck'sche Reihe</subfield>
		<subfield code="v">1856</subfield>
		<subfield code="w">REROILS:2000007</subfield>
	</datafield>
	<datafield ind1=" " ind2=" " tag="900">
		<subfield code="a">noselfmerge</subfield>
	</datafield>
	<datafield ind1=" " ind2=" " tag="906">
		<subfield code="a">bcvs</subfield>
		<subfield code="b">2017/05</subfield>
		<subfield code="c">12</subfield>
	</datafield>
	<datafield ind1=" " ind2=" " tag="973">
		<subfield code="a">vsbcvb</subfield>
	</datafield>
	<datafield ind1=" " ind2=" " tag="986">
		<subfield code="2">brsw</subfield>
		<subfield code="a">Deutsches Reich. Geheime Staatspolizei ; Geschichte</subfield>
	</datafield>
	<datafield ind1=" " ind2=" " tag="986">
		<subfield code="2">cdu-vsbcvb</subfield>
		<subfield code="a">94(430)&quot;1933/1945&quot;</subfield>
	</datafield>
</record>