

<record>
	<leader>01606nam a2200445 a 4500</leader>
	<controlfield tag="001">REROILS:234</controlfield>
	<controlfield tag="003">RERO</controlfield>
	<controlfield tag="005">20170520230400.0</controlfield>
	<controlfield tag="008">160315s2015    cc ||| |  ||||00|  |chi d</controlfield>
	<datafield ind1=" " ind2=" " tag="020">
		<subfield code="a">9787307090187</subfield>
	</datafield>
	<datafield ind1=" " ind2=" " tag="035">
		<subfield code="a">R008388656</subfield>
	</datafield>
	<datafield ind1=" " ind2="9" tag="039">
		<subfield code="a">201705202304</subfield>
		<subfield code="b">VLOAD</subfield>
		<subfield code="c">201603151625</subfield>
		<subfield code="d">8702</subfield>
		<subfield code="c">201603151517</subfield>
		<subfield code="d">8702</subfield>
		<subfield code="y">201603151412</subfield>
		<subfield code="z">8702</subfield>
	</datafield>
	<datafield ind1=" " ind2=" " tag="040">
		<subfield code="a">RERO ifisdc</subfield>
	</datafield>
	<datafield ind1=" " ind2="7" tag="072">
		<subfield code="a">s1dr</subfield>
		<subfield code="2">rero</subfield>
	</datafield>
	<datafield ind1="0" ind2="0" tag="245">
		<subfield code="6">880-01</subfield>
		<subfield code="a">Guo ji fa =</subfield>
		<subfield code="b">International law /</subfield>
		<subfield code="c">Liang Xi yuan zhu zhu bian, Wang Xianshu fu zhu bian</subfield>
	</datafield>
	<datafield ind1="3" ind2=" " tag="246">
		<subfield code="a">Guojifa</subfield>
	</datafield>
	<datafield ind1="3" ind2=" " tag="246">
		<subfield code="a">International law</subfield>
	</datafield>
	<datafield ind1=" " ind2=" " tag="250">
		<subfield code="6">880-02</subfield>
		<subfield code="a">Di 3 ban /</subfield>
		<subfield code="b">Zeng Lingliang zhu bian</subfield>
	</datafield>
	<datafield ind1=" " ind2="1" tag="264">
		<subfield code="6">880-03</subfield>
		<subfield code="a">Wuhan :</subfield>
		<subfield code="b">Wuhan da xue chu ban she,</subfield>
		<subfield code="c">2015</subfield>
	</datafield>
	<datafield ind1=" " ind2=" " tag="300">
		<subfield code="a">444 p.</subfield>
	</datafield>
	<datafield ind1=" " ind2=" " tag="336">
		<subfield code="b">txt</subfield>
		<subfield code="2">rdacontent</subfield>
	</datafield>
	<datafield ind1=" " ind2=" " tag="337">
		<subfield code="b">n</subfield>
		<subfield code="2">rdamedia</subfield>
	</datafield>
	<datafield ind1=" " ind2=" " tag="338">
		<subfield code="b">nc</subfield>
		<subfield code="2">rdacarrier</subfield>
	</datafield>
	<datafield ind1=" " ind2=" " tag="339">
		<subfield code="a">docmaintype_book</subfield>
		<subfield code="b">docsubtype_other_book</subfield>
	</datafield>
	<datafield ind1="0" ind2=" " tag="490">
		<subfield code="6">880-04</subfield>
		<subfield code="a">Chuang xin si wei fa xue jiao cai</subfield>
	</datafield>
	<datafield ind1="1" ind2=" " tag="700">
		<subfield code="6">880-05</subfield>
		<subfield code="a">Liang, Xi</subfield>
	</datafield>
	<datafield ind1="1" ind2=" " tag="700">
		<subfield code="6">880-06</subfield>
		<subfield code="a">Zeng, Lingliang</subfield>
	</datafield>
	<datafield ind1=" " ind2=" " tag="880">
		<subfield code="6">250-02</subfield>
		<subfield code="a">第3版 /</subfield>
		<subfield code="b">曾令良主编</subfield>
	</datafield>
	<datafield ind1="0" ind2="0" tag="880">
		<subfield code="6">245-01</subfield>
		<subfield code="a">国际法 =</subfield>
		<subfield code="b">International law /</subfield>
		<subfield code="c">梁西原著主编, 王献枢副主编</subfield>
	</datafield>
	<datafield ind1="0" ind2=" " tag="880">
		<subfield code="6">490-04</subfield>
		<subfield code="a">创新思维法学教材</subfield>
	</datafield>
	<datafield ind1="1" ind2=" " tag="880">
		<subfield code="6">700-05</subfield>
		<subfield code="a">梁西</subfield>
	</datafield>
	<datafield ind1="1" ind2=" " tag="880">
		<subfield code="6">700-06</subfield>
		<subfield code="a">曾令良</subfield>
	</datafield>
	<datafield ind1=" " ind2="1" tag="880">
		<subfield code="6">264-03</subfield>
		<subfield code="a">武汉 :</subfield>
		<subfield code="b">武汉大学出版社,</subfield>
		<subfield code="c">2015</subfield>
	</datafield>
	<datafield ind1=" " ind2=" " tag="900">
		<subfield code="a">noselfmerge</subfield>
	</datafield>
	<datafield ind1=" " ind2=" " tag="903">
		<subfield code="a">nwisdc</subfield>
		<subfield code="b">1603</subfield>
	</datafield>
	<datafield ind1=" " ind2=" " tag="903">
		<subfield code="a">donisdc</subfield>
		<subfield code="b">1603</subfield>
	</datafield>
	<datafield ind1=" " ind2=" " tag="953">
		<subfield code="a">ifisdc</subfield>
	</datafield>
	<datafield ind1=" " ind2=" " tag="980">
		<subfield code="2">dr-sys</subfield>
		<subfield code="a">CE/RPC 26 g</subfield>
	</datafield>
	<datafield ind1=" " ind2=" " tag="983">
		<subfield code="2">isdc</subfield>
		<subfield code="a">CE/RPC 26 g GUJF 2015</subfield>
	</datafield>
</record>