

<record>
	<leader>01618nam a2200493 a 4500</leader>
	<controlfield tag="001">REROILS:186</controlfield>
	<controlfield tag="003">RERO</controlfield>
	<controlfield tag="005">20201010181400.0</controlfield>
	<controlfield tag="008">001228s1986    sz |||||| ||||00|| |ger d</controlfield>
	<datafield ind1=" " ind2=" " tag="020">
		<subfield code="a">9782826510154</subfield>
	</datafield>
	<datafield ind1=" " ind2=" " tag="035">
		<subfield code="a">0719022</subfield>
	</datafield>
	<datafield ind1=" " ind2="9" tag="039">
		<subfield code="a">202010101814</subfield>
		<subfield code="b">VLOAD</subfield>
		<subfield code="c">202004151509</subfield>
		<subfield code="d">1500</subfield>
		<subfield code="c">202003091044</subfield>
		<subfield code="d">1039</subfield>
		<subfield code="c">202003061203</subfield>
		<subfield code="d">1070</subfield>
		<subfield code="y">1999022802460000</subfield>
		<subfield code="z">load</subfield>
	</datafield>
	<datafield ind1=" " ind2=" " tag="040">
		<subfield code="a">RERO labcur</subfield>
	</datafield>
	<datafield ind1="0" ind2=" " tag="041">
		<subfield code="a">ger</subfield>
		<subfield code="a">fre</subfield>
		<subfield code="a">eng</subfield>
	</datafield>
	<datafield ind1=" " ind2=" " tag="044">
		<subfield code="a">sz</subfield>
		<subfield code="c">ch-vd</subfield>
	</datafield>
	<datafield ind1=" " ind2="7" tag="072">
		<subfield code="a">s1go</subfield>
		<subfield code="2">rero</subfield>
	</datafield>
	<datafield ind1=" " ind2="7" tag="072">
		<subfield code="a">s2se</subfield>
		<subfield code="2">rero</subfield>
	</datafield>
	<datafield ind1="1" ind2=" " tag="100">
		<subfield code="a">Wolfensberger, Andreas</subfield>
		<subfield code="4">cre</subfield>
	</datafield>
	<datafield ind1="1" ind2="0" tag="245">
		<subfield code="a">Bahnland Schweiz =</subfield>
		<subfield code="b">Suisse pays du rail = Railway paradise Switzerland /</subfield>
		<subfield code="c">photos Andreas Wolfensberger ; text Hans Peter Treichler ; [trad. Kay Gillioz, Michel Thévenaz]</subfield>
	</datafield>
	<datafield ind1=" " ind2="1" tag="264">
		<subfield code="a">Zurich :</subfield>
		<subfield code="b">Orell Füssli ;</subfield>
		<subfield code="a">[Lausanne] :</subfield>
		<subfield code="b">24 Heures,</subfield>
		<subfield code="c">[1986]</subfield>
	</datafield>
	<datafield ind1=" " ind2="4" tag="264">
		<subfield code="c">© 1986</subfield>
	</datafield>
	<datafield ind1=" " ind2=" " tag="300">
		<subfield code="a">168 p. :</subfield>
		<subfield code="b">ill. ;</subfield>
		<subfield code="c">35 cm</subfield>
	</datafield>
	<datafield ind1=" " ind2=" " tag="336">
		<subfield code="b">txt</subfield>
		<subfield code="2">rdacontent</subfield>
	</datafield>
	<datafield ind1=" " ind2=" " tag="337">
		<subfield code="b">n</subfield>
		<subfield code="2">rdamedia</subfield>
	</datafield>
	<datafield ind1=" " ind2=" " tag="338">
		<subfield code="b">nc</subfield>
		<subfield code="2">rdacarrier</subfield>
	</datafield>
	<datafield ind1=" " ind2=" " tag="339">
		<subfield code="a">docmaintype_book</subfield>
		<subfield code="b">docsubtype_other_book</subfield>
	</datafield>
	<datafield ind1=" " ind2=" " tag="500">
		<subfield code="a">Le dos porte : Schweiz, Suisse, Switzerland</subfield>
	</datafield>
	<datafield ind1=" " ind2="7" tag="650">
		<subfield code="a">Chemins de fer</subfield>
		<subfield code="2">rero</subfield>
	</datafield>
	<datafield ind1=" " ind2="7" tag="651">
		<subfield code="a">Suisse</subfield>
		<subfield code="2">rero</subfield>
		<subfield code="0">(IdRef)027249654</subfield>
	</datafield>
	<datafield ind1="1" ind2=" " tag="700">
		<subfield code="a">Treichler, Hans Peter</subfield>
	</datafield>
	<datafield ind1="1" ind2=" " tag="700">
		<subfield code="a">Gillioz, Kay</subfield>
	</datafield>
	<datafield ind1="1" ind2=" " tag="700">
		<subfield code="a">Thévenaz, Michel</subfield>
		<subfield code="0">(IdRef)029399939</subfield>
	</datafield>
	<datafield ind1=" " ind2=" " tag="900">
		<subfield code="a">noselfmerge</subfield>
	</datafield>
	<datafield ind1=" " ind2=" " tag="919">
		<subfield code="9">650 _7</subfield>
		<subfield code="a">chemin de fer</subfield>
		<subfield code="z">Suisse</subfield>
		<subfield code="2">chrero</subfield>
	</datafield>
	<datafield ind1=" " ind2=" " tag="957">
		<subfield code="a">gevbge</subfield>
	</datafield>
	<datafield ind1=" " ind2=" " tag="960">
		<subfield code="a">jubicj</subfield>
	</datafield>
	<datafield ind1=" " ind2=" " tag="962">
		<subfield code="a">nebpun</subfield>
	</datafield>
	<datafield ind1=" " ind2=" " tag="973">
		<subfield code="a">vsbasm vsbcce</subfield>
	</datafield>
	<datafield ind1=" " ind2=" " tag="986">
		<subfield code="2">cdu-vsmart</subfield>
		<subfield code="a">625.1(494)</subfield>
	</datafield>
	<datafield ind1=" " ind2=" " tag="986">
		<subfield code="2">vs-basm</subfield>
		<subfield code="a">625.1(494)</subfield>
	</datafield>
	<datafield ind1=" " ind2=" " tag="992">
		<subfield code="a">BGE X 3942</subfield>
		<subfield code="x">ge/vbge/a/87/2043</subfield>
	</datafield>
	<datafield ind1=" " ind2=" " tag="994">
		<subfield code="a">ZC 942</subfield>
		<subfield code="x">ne/bpun/1988/3214</subfield>
	</datafield>
	<datafield ind1=" " ind2=" " tag="994">
		<subfield code="a">BPUP 625.1 TRE</subfield>
		<subfield code="x">ne/bpup/w [Mis au rebut en 2007.]</subfield>
	</datafield>
</record>