

<record>
	<leader>01427nam a2200409 a 4500</leader>
	<controlfield tag="001">REROILS:271</controlfield>
	<controlfield tag="003">RERO</controlfield>
	<controlfield tag="005">20200121134700.0</controlfield>
	<controlfield tag="008">870331s1986    pl |||||| ||||00|| |pol d</controlfield>
	<datafield ind1=" " ind2=" " tag="020">
		<subfield code="a">9788301069919</subfield>
	</datafield>
	<datafield ind1=" " ind2=" " tag="020">
		<subfield code="a">9788301069919</subfield>
	</datafield>
	<datafield ind1=" " ind2=" " tag="035">
		<subfield code="a">0827106</subfield>
	</datafield>
	<datafield ind1=" " ind2="9" tag="039">
		<subfield code="a">202001211347</subfield>
		<subfield code="b">VLOAD</subfield>
		<subfield code="c">201902151129</subfield>
		<subfield code="d">VLOAD</subfield>
		<subfield code="c">201708141526</subfield>
		<subfield code="d">8705</subfield>
		<subfield code="c">201705161038</subfield>
		<subfield code="d">VLOAD</subfield>
		<subfield code="y">1999022805170000</subfield>
		<subfield code="z">load</subfield>
	</datafield>
	<datafield ind1=" " ind2=" " tag="040">
		<subfield code="a">RERO laisdc</subfield>
		<subfield code="d">OCoLC</subfield>
		<subfield code="d">RERO ifisdc</subfield>
	</datafield>
	<datafield ind1=" " ind2="7" tag="072">
		<subfield code="a">s1dr</subfield>
		<subfield code="2">rero</subfield>
	</datafield>
	<datafield ind1="1" ind2=" " tag="100">
		<subfield code="a">Korzan, Kazimierz</subfield>
		<subfield code="4">cre</subfield>
		<subfield code="0">(IdRef)244025843</subfield>
	</datafield>
	<datafield ind1="1" ind2="0" tag="245">
		<subfield code="a">Sądowe postępowanie zabezpieczające i egzekucyjne w sprawach cywilnych /</subfield>
		<subfield code="c">Kazimierz Korzan</subfield>
	</datafield>
	<datafield ind1=" " ind2="1" tag="264">
		<subfield code="a">Warszawa :</subfield>
		<subfield code="b">Państwowe Wydawnictwo Naukowe,</subfield>
		<subfield code="c">1986</subfield>
	</datafield>
	<datafield ind1=" " ind2=" " tag="300">
		<subfield code="a">345 p. ;</subfield>
		<subfield code="c">24 cm</subfield>
	</datafield>
	<datafield ind1=" " ind2=" " tag="336">
		<subfield code="b">txt</subfield>
		<subfield code="2">rdacontent</subfield>
	</datafield>
	<datafield ind1=" " ind2=" " tag="337">
		<subfield code="b">n</subfield>
		<subfield code="2">rdamedia</subfield>
	</datafield>
	<datafield ind1=" " ind2=" " tag="338">
		<subfield code="b">nc</subfield>
		<subfield code="2">rdacarrier</subfield>
	</datafield>
	<datafield ind1=" " ind2=" " tag="339">
		<subfield code="a">docmaintype_book</subfield>
		<subfield code="b">docsubtype_other_book</subfield>
	</datafield>
	<datafield ind1=" " ind2=" " tag="504">
		<subfield code="a">Includes bibliographical references and index</subfield>
	</datafield>
	<datafield ind1=" " ind2="0" tag="650">
		<subfield code="a">Civil procedure</subfield>
		<subfield code="z">Poland</subfield>
	</datafield>
	<datafield ind1=" " ind2="0" tag="650">
		<subfield code="a">Debtor and creditor</subfield>
		<subfield code="z">Poland</subfield>
	</datafield>
	<datafield ind1=" " ind2="0" tag="650">
		<subfield code="a">Executions (Law)</subfield>
		<subfield code="z">Poland</subfield>
	</datafield>
	<datafield ind1=" " ind2="1" tag="900">
		<subfield code="a">OCoLC</subfield>
		<subfield code="b">20170814</subfield>
		<subfield code="c">Droits réservés</subfield>
	</datafield>
	<datafield ind1=" " ind2=" " tag="900">
		<subfield code="a">noselfmerge</subfield>
	</datafield>
	<datafield ind1=" " ind2="7" tag="919">
		<subfield code="a">Civil procedure</subfield>
		<subfield code="2">fast</subfield>
		<subfield code="0">(OCoLC)fst00862585</subfield>
	</datafield>
	<datafield ind1=" " ind2="7" tag="919">
		<subfield code="a">Debtor and creditor</subfield>
		<subfield code="2">fast</subfield>
		<subfield code="0">(OCoLC)fst00888809</subfield>
	</datafield>
	<datafield ind1=" " ind2="7" tag="919">
		<subfield code="a">Executions (Law)</subfield>
		<subfield code="2">fast</subfield>
		<subfield code="0">(OCoLC)fst00917762</subfield>
	</datafield>
	<datafield ind1=" " ind2="7" tag="919">
		<subfield code="a">Poland</subfield>
		<subfield code="2">fast</subfield>
		<subfield code="0">(OCoLC)fst01206891</subfield>
	</datafield>
	<datafield ind1=" " ind2=" " tag="930">
		<subfield code="a">(OCoLC) ocm19130516</subfield>
	</datafield>
	<datafield ind1=" " ind2=" " tag="953">
		<subfield code="a">ifisdc</subfield>
	</datafield>
	<datafield ind1=" " ind2=" " tag="980">
		<subfield code="2">dr-sys</subfield>
		<subfield code="a">CA/PL 97.3 g</subfield>
	</datafield>
	<datafield ind1=" " ind2=" " tag="983">
		<subfield code="2">isdc</subfield>
		<subfield code="a">CA/PL 97.3 g KORZ 1986</subfield>
	</datafield>
</record>