

<record>
	<leader>00868naa a22002537a 4500</leader>
	<controlfield tag="001">REROILS:52</controlfield>
	<controlfield tag="003">RERO</controlfield>
	<controlfield tag="005">20170518132700.0</controlfield>
	<controlfield tag="008">980412s1966    xx ||| |  ||||00|  0eng d</controlfield>
	<datafield ind1=" " ind2=" " tag="035">
		<subfield code="a">R003446524</subfield>
	</datafield>
	<datafield ind1=" " ind2="9" tag="039">
		<subfield code="a">201705181327</subfield>
		<subfield code="b">VLOAD</subfield>
		<subfield code="c">201605141129</subfield>
		<subfield code="d">VLOAD</subfield>
		<subfield code="c">201210191809</subfield>
		<subfield code="d">VLOAD</subfield>
		<subfield code="c">201112192212</subfield>
		<subfield code="d">VLOAD</subfield>
		<subfield code="y">200506232320</subfield>
		<subfield code="z">VLOAD</subfield>
	</datafield>
	<datafield ind1=" " ind2=" " tag="040">
		<subfield code="a">RERO gewcc-</subfield>
	</datafield>
	<datafield ind1=" " ind2="7" tag="072">
		<subfield code="a">s1th</subfield>
		<subfield code="2">rero</subfield>
	</datafield>
	<datafield ind1="0" ind2="0" tag="245">
		<subfield code="a">Central Committee of WCC Holds Annual Session at Geneva</subfield>
	</datafield>
	<datafield ind1=" " ind2="1" tag="264">
		<subfield code="c">1966</subfield>
	</datafield>
	<datafield ind1=" " ind2=" " tag="336">
		<subfield code="b">txt</subfield>
		<subfield code="2">rdacontent</subfield>
	</datafield>
	<datafield ind1=" " ind2=" " tag="337">
		<subfield code="b">n</subfield>
		<subfield code="2">rdamedia</subfield>
	</datafield>
	<datafield ind1=" " ind2=" " tag="338">
		<subfield code="b">nc</subfield>
		<subfield code="2">rdacarrier</subfield>
	</datafield>
	<datafield ind1=" " ind2=" " tag="339">
		<subfield code="a">docmaintype_article</subfield>
	</datafield>
	<datafield ind1=" " ind2=" " tag="580">
		<subfield code="a">In: Unitas ; vol. 18, Spring 1966, p. 63-66</subfield>
	</datafield>
	<datafield ind1="1" ind2=" " tag="773">
		<subfield code="t">Unitas : international ecumenical review</subfield>
		<subfield code="g">vol. 18, Spring 1966, p. 63-66</subfield>
		<subfield code="w">REROILS:2000003</subfield>
	</datafield>
	<datafield ind1=" " ind2=" " tag="957">
		<subfield code="a">gewcc-</subfield>
	</datafield>
	<datafield ind1=" " ind2=" " tag="982">
		<subfield code="2">wccsh</subfield>
		<subfield code="a">Geneva, 1966</subfield>
	</datafield>
	<datafield ind1=" " ind2=" " tag="982">
		<subfield code="2">wccsh</subfield>
		<subfield code="a">World Council of Churches. Central Committee. Meeting</subfield>
		<subfield code="e">[LCSH]</subfield>
	</datafield>
</record>