

<record>
	<leader>02781nam a2200745 a 4500</leader>
	<controlfield tag="001">REROILS:78</controlfield>
	<controlfield tag="003">RERO</controlfield>
	<controlfield tag="005">20200820215700.0</controlfield>
	<controlfield tag="008">080527m20079999fr |||||| ||||00|  |jpn d</controlfield>
	<datafield ind1=" " ind2=" " tag="020">
		<subfield code="a">9782915492323 (vol. 1)</subfield>
	</datafield>
	<datafield ind1=" " ind2=" " tag="020">
		<subfield code="a">9782915492378 (vol. 2)</subfield>
	</datafield>
	<datafield ind1=" " ind2=" " tag="020">
		<subfield code="a">9782915492446 (vol. 3)</subfield>
	</datafield>
	<datafield ind1=" " ind2=" " tag="020">
		<subfield code="a">9782915492460 (vol. 4)</subfield>
	</datafield>
	<datafield ind1=" " ind2=" " tag="020">
		<subfield code="a">9782915492545 (vol. 5)</subfield>
	</datafield>
	<datafield ind1=" " ind2=" " tag="020">
		<subfield code="a">9782915492767 (vol. 6)</subfield>
	</datafield>
	<datafield ind1=" " ind2=" " tag="020">
		<subfield code="a">9782915492774 (vol. 7)</subfield>
	</datafield>
	<datafield ind1=" " ind2=" " tag="020">
		<subfield code="a">9782915492842 (vol. 8)</subfield>
	</datafield>
	<datafield ind1=" " ind2=" " tag="020">
		<subfield code="a">9782360810062 (vol. 9)</subfield>
	</datafield>
	<datafield ind1=" " ind2=" " tag="020">
		<subfield code="a">9782360810116 (vol. 10)</subfield>
	</datafield>
	<datafield ind1=" " ind2=" " tag="020">
		<subfield code="a">9782360810161 (vol. 11)</subfield>
	</datafield>
	<datafield ind1=" " ind2=" " tag="035">
		<subfield code="a">R004708424</subfield>
	</datafield>
	<datafield ind1=" " ind2="9" tag="039">
		<subfield code="a">202008202157</subfield>
		<subfield code="b">VLOAD</subfield>
		<subfield code="c">202002211751</subfield>
		<subfield code="d">VLOAD</subfield>
		<subfield code="c">202001061603</subfield>
		<subfield code="d">VLOAD</subfield>
		<subfield code="c">201906262234</subfield>
		<subfield code="d">VLOAD</subfield>
		<subfield code="y">200805271428</subfield>
		<subfield code="z">1101</subfield>
	</datafield>
	<datafield ind1=" " ind2=" " tag="040">
		<subfield code="a">RERO vsbcvm</subfield>
	</datafield>
	<datafield ind1="1" ind2=" " tag="041">
		<subfield code="a">fre</subfield>
		<subfield code="h">jpn</subfield>
	</datafield>
	<datafield ind1=" " ind2="7" tag="072">
		<subfield code="a">s1fr</subfield>
		<subfield code="2">rero</subfield>
	</datafield>
	<datafield ind1="1" ind2=" " tag="100">
		<subfield code="a">Mizuki, Shigeru</subfield>
		<subfield code="4">cre</subfield>
		<subfield code="0">(IdRef)103522026</subfield>
	</datafield>
	<datafield ind1="1" ind2="0" tag="245">
		<subfield code="a">Kitaro le repoussant /</subfield>
		<subfield code="c">Mizuki Shigeru</subfield>
	</datafield>
	<datafield ind1=" " ind2="1" tag="264">
		<subfield code="a">Paris :</subfield>
		<subfield code="b">Ed. Cornélius,</subfield>
		<subfield code="c">2007-</subfield>
	</datafield>
	<datafield ind1=" " ind2=" " tag="300">
		<subfield code="a">Vol. :</subfield>
		<subfield code="b">ill.</subfield>
	</datafield>
	<datafield ind1=" " ind2=" " tag="336">
		<subfield code="b">txt</subfield>
		<subfield code="2">rdacontent</subfield>
	</datafield>
	<datafield ind1=" " ind2=" " tag="336">
		<subfield code="b">sti</subfield>
		<subfield code="2">rdacontent</subfield>
	</datafield>
	<datafield ind1=" " ind2=" " tag="337">
		<subfield code="b">n</subfield>
		<subfield code="2">rdamedia</subfield>
	</datafield>
	<datafield ind1=" " ind2=" " tag="338">
		<subfield code="b">nc</subfield>
		<subfield code="2">rdacarrier</subfield>
	</datafield>
	<datafield ind1=" " ind2=" " tag="339">
		<subfield code="a">docmaintype_comic</subfield>
		<subfield code="b">docsubtype_manga</subfield>
	</datafield>
	<datafield ind1="1" ind2=" " tag="490">
		<subfield code="a">Collection Paul</subfield>
		<subfield code="v">10-11-13-14-18-20-25-26-31-32-33</subfield>
	</datafield>
	<datafield ind1=" " ind2=" " tag="500">
		<subfield code="a">Bande dessinée manga, se lisant depuis la dernière page</subfield>
	</datafield>
	<datafield ind1="0" ind2=" " tag="505">
		<subfield code="a">Vol. 1 / traduit du japonais par Satoko Fujimoto ... [et al.]</subfield>
	</datafield>
	<datafield ind1="0" ind2=" " tag="505">
		<subfield code="a">Vol. 2 / traduit du japonais par Patrick Honnoré ... [et al.]</subfield>
	</datafield>
	<datafield ind1="0" ind2=" " tag="505">
		<subfield code="a">Vol. 3 / traduit du japonais par Satoko Fujimoto ... [et al.]</subfield>
	</datafield>
	<datafield ind1="0" ind2=" " tag="505">
		<subfield code="a">Vol. 4 / traduit du japonais par Patrick Honnoré ... [et al.]</subfield>
	</datafield>
	<datafield ind1="0" ind2=" " tag="505">
		<subfield code="a">Vol. 5 / traduit du japonais par Satoko Fujimoto ... [et al.]</subfield>
	</datafield>
	<datafield ind1="0" ind2=" " tag="505">
		<subfield code="a">Vol. 6 / traduit du japonais par Yukari Maeda ... [et al.]</subfield>
	</datafield>
	<datafield ind1="0" ind2=" " tag="505">
		<subfield code="a">Vol. 7 / traduit du japonais par Eric Cordier ... [et al.]</subfield>
	</datafield>
	<datafield ind1="0" ind2=" " tag="505">
		<subfield code="a">Vol. 8 / traduit du japonais par Patrick Honnoré ... [et al.]</subfield>
	</datafield>
	<datafield ind1="0" ind2=" " tag="505">
		<subfield code="a">Vol. 9 / traduit du japonais par Eric Cordier ... [et al.]</subfield>
	</datafield>
	<datafield ind1="0" ind2=" " tag="505">
		<subfield code="a">Vol. 10 / traduit du japonais par Patrick Honnoré ... [et al.]</subfield>
	</datafield>
	<datafield ind1="0" ind2=" " tag="505">
		<subfield code="a">Vol. 11 / traduit du japonais par Eric Cordier ... [et al.]</subfield>
	</datafield>
	<datafield ind1=" " ind2=" " tag="521">
		<subfield code="a">Adolescents (12-15 ans)</subfield>
		<subfield code="9">vsbcvm/05.2008</subfield>
		<subfield code="9">rero/05.2014</subfield>
	</datafield>
	<datafield ind1=" " ind2="7" tag="655">
		<subfield code="a">[Mangas]</subfield>
		<subfield code="2">rero</subfield>
	</datafield>
	<datafield ind1=" " ind2="7" tag="655">
		<subfield code="a">[Bandes dessinées]</subfield>
		<subfield code="2">rero</subfield>
	</datafield>
	<datafield ind1="1" ind2=" " tag="700">
		<subfield code="a">Fujimoto, Satoko</subfield>
		<subfield code="0">(IdRef)082330778</subfield>
	</datafield>
	<datafield ind1="1" ind2=" " tag="700">
		<subfield code="a">Honnoré, Patrick</subfield>
		<subfield code="0">(IdRef)072277742</subfield>
	</datafield>
	<datafield ind1=" " ind2="0" tag="830">
		<subfield code="a">Collection Paul</subfield>
		<subfield code="v">10-11-13-14-18-20-25-26-31-32-33</subfield>
		<subfield code="w">REROILS:2000010</subfield>
	</datafield>
	<datafield ind1=" " ind2=" " tag="900">
		<subfield code="a">noselfmerge</subfield>
	</datafield>
	<datafield ind1=" " ind2=" " tag="902">
		<subfield code="a">gehead</subfield>
		<subfield code="b">2018/01</subfield>
		<subfield code="c">15</subfield>
	</datafield>
	<datafield ind1=" " ind2=" " tag="904">
		<subfield code="a">necfesfna</subfield>
		<subfield code="b">1012</subfield>
		<subfield code="c">02</subfield>
	</datafield>
	<datafield ind1=" " ind2=" " tag="906">
		<subfield code="a">bcvs</subfield>
		<subfield code="b">2008/05</subfield>
		<subfield code="c">18</subfield>
	</datafield>
	<datafield ind1=" " ind2=" " tag="906">
		<subfield code="a">dpmvprat</subfield>
	</datafield>
	<datafield ind1=" " ind2=" " tag="957">
		<subfield code="a">gehead</subfield>
	</datafield>
	<datafield ind1=" " ind2=" " tag="962">
		<subfield code="a">necfes</subfield>
	</datafield>
	<datafield ind1=" " ind2=" " tag="973">
		<subfield code="a">vsbcvm vsbcvs</subfield>
	</datafield>
	<datafield ind1=" " ind2=" " tag="982">
		<subfield code="2">cdu-head</subfield>
		<subfield code="a">7.071 MIZU/7a/BD</subfield>
	</datafield>
	<datafield ind1=" " ind2=" " tag="994">
		<subfield code="a">ESCFF BD MIZ</subfield>
		<subfield code="x">--</subfield>
	</datafield>
</record>