

<record>
	<leader>00839naa a22002537a 4500</leader>
	<controlfield tag="001">REROILS:137</controlfield>
	<controlfield tag="003">RERO</controlfield>
	<controlfield tag="005">20170518130600.0</controlfield>
	<controlfield tag="008">980412s1967    xx ||| |  ||||00|  0eng d</controlfield>
	<datafield ind1=" " ind2=" " tag="035">
		<subfield code="a">R003440723</subfield>
	</datafield>
	<datafield ind1=" " ind2="9" tag="039">
		<subfield code="a">201705181306</subfield>
		<subfield code="b">VLOAD</subfield>
		<subfield code="c">201605141115</subfield>
		<subfield code="d">VLOAD</subfield>
		<subfield code="c">201210191759</subfield>
		<subfield code="d">VLOAD</subfield>
		<subfield code="c">201112192148</subfield>
		<subfield code="d">VLOAD</subfield>
		<subfield code="y">200506232302</subfield>
		<subfield code="z">VLOAD</subfield>
	</datafield>
	<datafield ind1=" " ind2=" " tag="040">
		<subfield code="a">RERO gewcc-</subfield>
	</datafield>
	<datafield ind1=" " ind2="7" tag="072">
		<subfield code="a">s1th</subfield>
		<subfield code="2">rero</subfield>
	</datafield>
	<datafield ind1="1" ind2=" " tag="100">
		<subfield code="a">Baum, Gregory</subfield>
		<subfield code="4">cre</subfield>
	</datafield>
	<datafield ind1="1" ind2="0" tag="245">
		<subfield code="a">Reflection on councils of churches /</subfield>
		<subfield code="c">Gregory Baum</subfield>
	</datafield>
	<datafield ind1=" " ind2="1" tag="264">
		<subfield code="c">1967</subfield>
	</datafield>
	<datafield ind1=" " ind2=" " tag="336">
		<subfield code="b">txt</subfield>
		<subfield code="2">rdacontent</subfield>
	</datafield>
	<datafield ind1=" " ind2=" " tag="337">
		<subfield code="b">n</subfield>
		<subfield code="2">rdamedia</subfield>
	</datafield>
	<datafield ind1=" " ind2=" " tag="338">
		<subfield code="b">nc</subfield>
		<subfield code="2">rdacarrier</subfield>
	</datafield>
	<datafield ind1=" " ind2=" " tag="339">
		<subfield code="a">docmaintype_article</subfield>
	</datafield>
	<datafield ind1=" " ind2=" " tag="580">
		<subfield code="a">In: One in Christ ; v. 3 (1967) no. 2, p. 159-164</subfield>
	</datafield>
	<datafield ind1="1" ind2=" " tag="773">
		<subfield code="t">One in Christ : a catholic ecumenical review</subfield>
		<subfield code="g">v. 3 (1967) no. 2, p. 159-164</subfield>
		<subfield code="w">REROILS:36</subfield>
	</datafield>
	<datafield ind1=" " ind2=" " tag="957">
		<subfield code="a">gewcc-</subfield>
	</datafield>
	<datafield ind1=" " ind2=" " tag="982">
		<subfield code="2">wccsh</subfield>
		<subfield code="a">Ecumenical christian councils</subfield>
	</datafield>
</record>