

<record>
	<leader>05000cam a2201093 a 4500</leader>
	<controlfield tag="001">REROILS:14</controlfield>
	<controlfield tag="003">RERO</controlfield>
	<controlfield tag="005">20200706143200.0</controlfield>
	<controlfield tag="008">000927m19759999gw |||||| ||||00|  |ger d</controlfield>
	<datafield ind1=" " ind2=" " tag="019">
		<subfield code="a">Le vol. 8 a paru 2 fois, même ISBN. &quot;Rembrandt-Schenute von Atripe&quot; est à éliminer</subfield>
		<subfield code="9">???</subfield>
	</datafield>
	<datafield ind1=" " ind2=" " tag="020">
		<subfield code="a">9783883090917</subfield>
	</datafield>
	<datafield ind1=" " ind2=" " tag="020">
		<subfield code="a">9783883091105</subfield>
	</datafield>
	<datafield ind1=" " ind2=" " tag="020">
		<subfield code="a">9783883091334</subfield>
	</datafield>
	<datafield ind1=" " ind2=" " tag="020">
		<subfield code="a">9783883091556</subfield>
	</datafield>
	<datafield ind1=" " ind2=" " tag="020">
		<subfield code="a">9783883092478</subfield>
	</datafield>
	<datafield ind1=" " ind2=" " tag="020">
		<subfield code="a">9783883093321</subfield>
	</datafield>
	<datafield ind1=" " ind2=" " tag="020">
		<subfield code="a">9783883093543</subfield>
	</datafield>
	<datafield ind1=" " ind2=" " tag="020">
		<subfield code="a">9783883093932</subfield>
	</datafield>
	<datafield ind1=" " ind2=" " tag="020">
		<subfield code="a">9783883094137</subfield>
	</datafield>
	<datafield ind1=" " ind2=" " tag="020">
		<subfield code="a">9783883094526</subfield>
	</datafield>
	<datafield ind1=" " ind2=" " tag="020">
		<subfield code="a">9783883094786</subfield>
	</datafield>
	<datafield ind1=" " ind2=" " tag="020">
		<subfield code="a">9783883095448</subfield>
	</datafield>
	<datafield ind1=" " ind2=" " tag="020">
		<subfield code="a">9783883096155</subfield>
	</datafield>
	<datafield ind1=" " ind2=" " tag="020">
		<subfield code="a">9783883097664</subfield>
	</datafield>
	<datafield ind1=" " ind2=" " tag="020">
		<subfield code="a">9783883098821</subfield>
	</datafield>
	<datafield ind1=" " ind2=" " tag="020">
		<subfield code="a">9783883099200</subfield>
	</datafield>
	<datafield ind1=" " ind2=" " tag="020">
		<subfield code="a">9783959481427</subfield>
	</datafield>
	<datafield ind1=" " ind2=" " tag="020">
		<subfield code="a">9783959482592</subfield>
	</datafield>
	<datafield ind1=" " ind2=" " tag="035">
		<subfield code="a">0010122</subfield>
	</datafield>
	<datafield ind1=" " ind2=" " tag="039">
		<subfield code="b">8006</subfield>
		<subfield code="b">0007c</subfield>
		<subfield code="b">8002</subfield>
		<subfield code="b">3312</subfield>
	</datafield>
	<datafield ind1=" " ind2="7" tag="039">
		<subfield code="b">9500</subfield>
		<subfield code="b">3309</subfield>
	</datafield>
	<datafield ind1=" " ind2="9" tag="039">
		<subfield code="a">202007061432</subfield>
		<subfield code="b">1013</subfield>
		<subfield code="c">202007060835</subfield>
		<subfield code="d">1020</subfield>
		<subfield code="c">202006250925</subfield>
		<subfield code="d">3309</subfield>
		<subfield code="c">201908140950</subfield>
		<subfield code="d">3309</subfield>
		<subfield code="y">1999022710040000</subfield>
		<subfield code="z">load</subfield>
	</datafield>
	<datafield ind1=" " ind2=" " tag="040">
		<subfield code="a">RERO</subfield>
	</datafield>
	<datafield ind1=" " ind2="7" tag="072">
		<subfield code="a">s1th</subfield>
		<subfield code="2">rero</subfield>
	</datafield>
	<datafield ind1=" " ind2="7" tag="072">
		<subfield code="a">s2hg</subfield>
		<subfield code="2">rero</subfield>
	</datafield>
	<datafield ind1="0" ind2="0" tag="245">
		<subfield code="a">Biographisch-bibliographisches Kirchenlexikon /</subfield>
		<subfield code="c">bearb. und hrsg. von Friedrich Wilhelm Bautz</subfield>
	</datafield>
	<datafield ind1=" " ind2="1" tag="264">
		<subfield code="a">Hamm (Westf.) ;</subfield>
		<subfield code="a">[dann] Herzberg ;</subfield>
		<subfield code="a">[dann] Nordhausen :</subfield>
		<subfield code="b">T. Bautz,</subfield>
		<subfield code="c">1975-</subfield>
	</datafield>
	<datafield ind1=" " ind2=" " tag="300">
		<subfield code="a">Bd. 1- ;</subfield>
		<subfield code="c">27 cm</subfield>
	</datafield>
	<datafield ind1=" " ind2=" " tag="336">
		<subfield code="b">txt</subfield>
		<subfield code="2">rdacontent</subfield>
	</datafield>
	<datafield ind1=" " ind2=" " tag="337">
		<subfield code="b">n</subfield>
		<subfield code="2">rdamedia</subfield>
	</datafield>
	<datafield ind1=" " ind2=" " tag="338">
		<subfield code="b">nc</subfield>
		<subfield code="2">rdacarrier</subfield>
	</datafield>
	<datafield ind1=" " ind2=" " tag="339">
		<subfield code="a">docmaintype_book</subfield>
		<subfield code="b">docsubtype_other_book</subfield>
	</datafield>
	<datafield ind1=" " ind2=" " tag="500">
		<subfield code="a">Ab Bd. 3: Begründet und hrsg. von Friedrich Wilhelm Bautz ; fortgeführt von Traugott Bautz</subfield>
	</datafield>
	<datafield ind1=" " ind2=" " tag="500">
		<subfield code="a">Avec chaque tome paraît un index cumulatif</subfield>
	</datafield>
	<datafield ind1=" " ind2=" " tag="504">
		<subfield code="a">Bibliogr. + Register</subfield>
	</datafield>
	<datafield ind1="0" ind2=" " tag="505">
		<subfield code="a">Bd. 1: A - Faustus von Byzanz. Bd. 2: Faustus von Mileve - Jeanne d'Arc. Bd. 3: Jedin, Hubert - Kleinschmidt, Beda. Bd. 4: Kleist, Heinrich von - Leyden, Lucas von. Bd. 5: Leyden, Nikolaus - Mönch, Antonius. Bd. 6: Moenius, Georg - Patijn, Constantijn Leopold. Bd. 7: Patocka, Jan - Remachus. Bd. 8: Rembrandt - Scharbel. Bd. 9: Scharling, Carl Henrik - Sheldon, Charles Monroe. Bd. 10: Shelkov, Vladimir Andreyevich - Stoss, Andreas. Bd. 11: Stoss, Veit - Tieffenthaler, Joseph. Bd. 12: Tibboniden - Volpe, Giovannio Antonio. Bd. 13: Voltaire, François - Wolfram von Eschenbach. Bd. 14: Wolfram von Eschenbach bis Zygomalas, Theodosios ; Ergänzungen I. Bd. 15: Ergänzungen II. Bd. 16: Ergänzungen III. Bd. 17: Ergänzungen IV. Bd. 18: Ergänzungen V. Bd. 19: Ergänzungen VI. Bd. 20: Ergänzungen VII. Bd. 21: Ergänzungen VIII. Bd. 22: Ergänzungen IX. Bd. 23: Ergänzungen X. Bd. 24: Ergänzungen XI. Bd. 25: Ergänzungen XII. Bd. 26: Ergänzungen XIII. Bd. 27: Ergänzungen XIV. Bd. 28: Ergänzungen XV. Bd. 29: Ergänzungen XVI. Bd. 30: Ergänzungen XVII. Bd. 31: Ergänzungen XVIII. Bd. 32: Ergänzungen XIX. Bd. 33: Ergänzungen XX. Bd. 34: Erg. XXI. Bd. 35: Erg. XXII. Bd. 36: Erg. XXIII. Bd. 37: Erg. XXIV. Bd. 38: Erg. XXV. Bd. 39: Erg. XXVI. Bd. 40: Erg. XXVII. Bd. 41: Erg. XXVIII</subfield>
	</datafield>
	<datafield ind1=" " ind2="0" tag="650">
		<subfield code="a">Christian biography</subfield>
	</datafield>
	<datafield ind1=" " ind2="0" tag="650">
		<subfield code="a">Theology</subfield>
		<subfield code="v">Bio-bibliography</subfield>
	</datafield>
	<datafield ind1=" " ind2="7" tag="650">
		<subfield code="a">Théologie</subfield>
		<subfield code="2">rero</subfield>
	</datafield>
	<datafield ind1=" " ind2="7" tag="650">
		<subfield code="a">Église</subfield>
		<subfield code="2">rero</subfield>
	</datafield>
	<datafield ind1=" " ind2="7" tag="650">
		<subfield code="a">Biographies</subfield>
		<subfield code="2">rero</subfield>
	</datafield>
	<datafield ind1=" " ind2="7" tag="650">
		<subfield code="a">Christianisme</subfield>
		<subfield code="2">rero</subfield>
	</datafield>
	<datafield ind1=" " ind2="7" tag="650">
		<subfield code="a">Histoire</subfield>
		<subfield code="2">rero</subfield>
	</datafield>
	<datafield ind1=" " ind2="7" tag="650">
		<subfield code="a">Vie intellectuelle</subfield>
		<subfield code="2">rero</subfield>
	</datafield>
	<datafield ind1=" " ind2="7" tag="650">
		<subfield code="a">Chrétiens</subfield>
		<subfield code="2">rero</subfield>
	</datafield>
	<datafield ind1=" " ind2="7" tag="655">
		<subfield code="a">[Biobibliographie]</subfield>
		<subfield code="2">rero</subfield>
	</datafield>
	<datafield ind1=" " ind2="7" tag="655">
		<subfield code="a">[Dictionnaires allemands]</subfield>
		<subfield code="2">rero</subfield>
	</datafield>
	<datafield ind1=" " ind2="7" tag="655">
		<subfield code="a">[dictionnaire]</subfield>
		<subfield code="2">rerovoc</subfield>
	</datafield>
	<datafield ind1="1" ind2=" " tag="700">
		<subfield code="a">Bautz, Friedrich Wilhelm,</subfield>
		<subfield code="d">1906-1979</subfield>
		<subfield code="0">(IdRef)029383099</subfield>
	</datafield>
	<datafield ind1="1" ind2=" " tag="700">
		<subfield code="a">Bautz, Traugott</subfield>
		<subfield code="0">(IdRef)031201547</subfield>
	</datafield>
	<datafield ind1=" " ind2=" " tag="900">
		<subfield code="a">noselfmerge</subfield>
	</datafield>
	<datafield ind1=" " ind2=" " tag="902">
		<subfield code="a">suitebge</subfield>
	</datafield>
	<datafield ind1=" " ind2=" " tag="902">
		<subfield code="a">gewcc-</subfield>
		<subfield code="b">2015/07</subfield>
		<subfield code="c">0</subfield>
	</datafield>
	<datafield ind1=" " ind2=" " tag="902">
		<subfield code="a">getheolcollection</subfield>
	</datafield>
	<datafield ind1=" " ind2=" " tag="904">
		<subfield code="a">bpunfar2</subfield>
		<subfield code="b">1509</subfield>
		<subfield code="c">4fg</subfield>
	</datafield>
	<datafield ind1=" " ind2=" " tag="904">
		<subfield code="a">bpunfar2</subfield>
		<subfield code="b">1609</subfield>
		<subfield code="c">4fg</subfield>
	</datafield>
	<datafield ind1=" " ind2=" " tag="904">
		<subfield code="a">bpunfar2</subfield>
		<subfield code="b">1809</subfield>
		<subfield code="c">4fg</subfield>
	</datafield>
	<datafield ind1=" " ind2=" " tag="904">
		<subfield code="a">bpunfar2</subfield>
		<subfield code="b">1909</subfield>
		<subfield code="c">4fg</subfield>
	</datafield>
	<datafield ind1=" " ind2=" " tag="906">
		<subfield code="a">bcvs</subfield>
		<subfield code="b">2011/04</subfield>
		<subfield code="c">04</subfield>
	</datafield>
	<datafield ind1=" " ind2=" " tag="919">
		<subfield code="9">650 _7</subfield>
		<subfield code="a">théologien</subfield>
		<subfield code="v">[dictionnaire]</subfield>
		<subfield code="2">chrero</subfield>
	</datafield>
	<datafield ind1=" " ind2=" " tag="919">
		<subfield code="9">650 _7</subfield>
		<subfield code="a">Eglise</subfield>
		<subfield code="v">[dictionnaire]</subfield>
		<subfield code="2">chrero</subfield>
	</datafield>
	<datafield ind1=" " ind2=" " tag="919">
		<subfield code="9">650 _7</subfield>
		<subfield code="a">christianisme</subfield>
		<subfield code="v">[dictionnaire]</subfield>
		<subfield code="2">chrero</subfield>
	</datafield>
	<datafield ind1=" " ind2=" " tag="956">
		<subfield code="a">frbcuc</subfield>
	</datafield>
	<datafield ind1=" " ind2=" " tag="957">
		<subfield code="a">geuth- gevbge gewcc-</subfield>
	</datafield>
	<datafield ind1=" " ind2=" " tag="960">
		<subfield code="a">juaaeb</subfield>
	</datafield>
	<datafield ind1=" " ind2=" " tag="962">
		<subfield code="a">nebpun</subfield>
	</datafield>
	<datafield ind1=" " ind2=" " tag="973">
		<subfield code="a">vsbcvb</subfield>
	</datafield>
	<datafield ind1=" " ind2=" " tag="982">
		<subfield code="2">wccsh</subfield>
		<subfield code="a">Theology</subfield>
		<subfield code="e">[Bio-bibliography]</subfield>
		<subfield code="e">[LCSH]</subfield>
	</datafield>
	<datafield ind1=" " ind2=" " tag="982">
		<subfield code="2">wccsh</subfield>
		<subfield code="a">Christian biography</subfield>
		<subfield code="e">[LCSH]</subfield>
	</datafield>
	<datafield ind1=" " ind2=" " tag="982">
		<subfield code="2">dew-gewcc</subfield>
		<subfield code="a">Ref 922 B520b</subfield>
	</datafield>
	<datafield ind1=" " ind2=" " tag="982">
		<subfield code="2">cdu-geuth</subfield>
		<subfield code="a">03:23</subfield>
	</datafield>
	<datafield ind1=" " ind2=" " tag="986">
		<subfield code="2">brsw</subfield>
		<subfield code="a">Christin ; Historische Persönlichkeit</subfield>
	</datafield>
	<datafield ind1=" " ind2=" " tag="986">
		<subfield code="2">brsw</subfield>
		<subfield code="a">Christ ; Historische Persönlichkeit</subfield>
	</datafield>
	<datafield ind1=" " ind2=" " tag="992">
		<subfield code="a">FTZ 105</subfield>
		<subfield code="x">ge/uth-/a</subfield>
	</datafield>
	<datafield ind1=" " ind2=" " tag="994">
		<subfield code="a">BPUN SL 28(016) BIOG</subfield>
		<subfield code="x">ne/bpun/a/1977/1403-/as/2014-/as/2015-/as/2017-/as/2018-/as/2019-/as/2020</subfield>
	</datafield>
</record>