

<record>
	<leader>00883naa a22002417a 4500</leader>
	<controlfield tag="001">REROILS:116</controlfield>
	<controlfield tag="003">RERO</controlfield>
	<controlfield tag="005">20170518130600.0</controlfield>
	<controlfield tag="008">980412s1969    xx ||| |  ||||00|  0eng d</controlfield>
	<datafield ind1=" " ind2=" " tag="035">
		<subfield code="a">R003440727</subfield>
	</datafield>
	<datafield ind1=" " ind2="9" tag="039">
		<subfield code="a">201705181306</subfield>
		<subfield code="b">VLOAD</subfield>
		<subfield code="c">201605141115</subfield>
		<subfield code="d">VLOAD</subfield>
		<subfield code="c">201210191759</subfield>
		<subfield code="d">VLOAD</subfield>
		<subfield code="c">201112192148</subfield>
		<subfield code="d">VLOAD</subfield>
		<subfield code="y">200506232302</subfield>
		<subfield code="z">VLOAD</subfield>
	</datafield>
	<datafield ind1=" " ind2=" " tag="040">
		<subfield code="a">RERO gewcc-</subfield>
	</datafield>
	<datafield ind1=" " ind2="7" tag="072">
		<subfield code="a">s1th</subfield>
		<subfield code="2">rero</subfield>
	</datafield>
	<datafield ind1="0" ind2="4" tag="245">
		<subfield code="a">The Constitution of local councils of churches, The membership of local councils of churches, The organization of local councils of churches, Youth and local councils of churches</subfield>
	</datafield>
	<datafield ind1=" " ind2="1" tag="264">
		<subfield code="c">1969</subfield>
	</datafield>
	<datafield ind1=" " ind2=" " tag="336">
		<subfield code="b">txt</subfield>
		<subfield code="2">rdacontent</subfield>
	</datafield>
	<datafield ind1=" " ind2=" " tag="337">
		<subfield code="b">n</subfield>
		<subfield code="2">rdamedia</subfield>
	</datafield>
	<datafield ind1=" " ind2=" " tag="338">
		<subfield code="b">nc</subfield>
		<subfield code="2">rdacarrier</subfield>
	</datafield>
	<datafield ind1=" " ind2=" " tag="339">
		<subfield code="a">docmaintype_article</subfield>
	</datafield>
	<datafield ind1=" " ind2=" " tag="580">
		<subfield code="a">In: Voyage, supplement ; no. 15-18, 1969</subfield>
	</datafield>
	<datafield ind1="1" ind2=" " tag="773">
		<subfield code="t">Voyage, supplement</subfield>
		<subfield code="g">no. 15-18, 1969</subfield>
	</datafield>
	<datafield ind1=" " ind2=" " tag="957">
		<subfield code="a">gewcc-</subfield>
	</datafield>
	<datafield ind1=" " ind2=" " tag="982">
		<subfield code="2">wccsh</subfield>
		<subfield code="a">Ecumenical christian councils</subfield>
	</datafield>
</record>