

<record>
	<leader>01613ncm a2200397 a 4500</leader>
	<controlfield tag="001">REROILS:114</controlfield>
	<controlfield tag="003">RERO</controlfield>
	<controlfield tag="005">20200713091600.0</controlfield>
	<controlfield tag="008">961001m19712003gw |||||| ||||  |  |ger d</controlfield>
	<datafield ind1="2" ind2=" " tag="024">
		<subfield code="a">M006546565 (kritischer Bericht, kartoniert)</subfield>
	</datafield>
	<datafield ind1="3" ind2="2" tag="028">
		<subfield code="a">BA 4561</subfield>
	</datafield>
	<datafield ind1=" " ind2=" " tag="035">
		<subfield code="a">0209683</subfield>
	</datafield>
	<datafield ind1=" " ind2="9" tag="039">
		<subfield code="a">202007130916</subfield>
		<subfield code="b">VLOAD</subfield>
		<subfield code="c">202006290253</subfield>
		<subfield code="d">VLOAD</subfield>
		<subfield code="c">201807261157</subfield>
		<subfield code="d">VLOAD</subfield>
		<subfield code="c">201711281517</subfield>
		<subfield code="d">7481</subfield>
		<subfield code="y">1999022715200000</subfield>
		<subfield code="z">load</subfield>
	</datafield>
	<datafield ind1=" " ind2=" " tag="040">
		<subfield code="a">RERO</subfield>
	</datafield>
	<datafield ind1=" " ind2="7" tag="072">
		<subfield code="a">s1mu</subfield>
		<subfield code="2">rero</subfield>
	</datafield>
	<datafield ind1="1" ind2=" " tag="100">
		<subfield code="a">Mozart, Wolfgang Amadeus</subfield>
		<subfield code="4">cre</subfield>
	</datafield>
	<datafield ind1="1" ind2="0" tag="245">
		<subfield code="a">Neue Ausgabe sämtlicher Werke /</subfield>
		<subfield code="c">Wolfgang Amadeus Mozart ; in Verbindung mit den Mozartstädten Augsburg, Salzburg und Wien hrsg. von der Internationalen Stiftung Mozarteum Salzburg.</subfield>
		<subfield code="n">Werkgruppe 11, Bd 8,</subfield>
		<subfield code="p">Sinfonien / Wolfgang Amadeus Mozart ; vorgelegt von Friedrich Schnapp und László Somfai</subfield>
	</datafield>
	<datafield ind1=" " ind2="1" tag="264">
		<subfield code="a">Kassel ;</subfield>
		<subfield code="a">Basel :</subfield>
		<subfield code="b">Bärenreiter,</subfield>
		<subfield code="c">1971-2003</subfield>
	</datafield>
	<datafield ind1=" " ind2=" " tag="300">
		<subfield code="a">1 partition (XVIII, 125 p.) ;</subfield>
		<subfield code="c">33 cm +</subfield>
		<subfield code="e">1 vol. de notes (61 p.) ; 24 cm</subfield>
	</datafield>
	<datafield ind1=" " ind2=" " tag="336">
		<subfield code="b">ntm</subfield>
		<subfield code="2">rdacontent</subfield>
	</datafield>
	<datafield ind1=" " ind2=" " tag="337">
		<subfield code="b">n</subfield>
		<subfield code="2">rdamedia</subfield>
	</datafield>
	<datafield ind1=" " ind2=" " tag="338">
		<subfield code="b">nc</subfield>
		<subfield code="2">rdacarrier</subfield>
	</datafield>
	<datafield ind1=" " ind2=" " tag="339">
		<subfield code="a">docmaintype_score</subfield>
		<subfield code="b">docsubtype_printed_score</subfield>
	</datafield>
	<datafield ind1="0" ind2=" " tag="505">
		<subfield code="a">Sinfonien in C (Linzer Sinfonie) KV 425, in D (Prager Sinfonie) KV 504. - 1971</subfield>
	</datafield>
	<datafield ind1="0" ind2=" " tag="505">
		<subfield code="a">Kritischer Bericht / vorgelegt von Henning Bey. - 2003</subfield>
	</datafield>
	<datafield ind1="1" ind2=" " tag="700">
		<subfield code="a">Schnapp, Friedrich,</subfield>
		<subfield code="d">1900-1983</subfield>
		<subfield code="0">(IdRef)070427518</subfield>
	</datafield>
	<datafield ind1="1" ind2=" " tag="700">
		<subfield code="a">Somfai, László</subfield>
		<subfield code="0">(IdRef)030261163</subfield>
	</datafield>
	<datafield ind1="1" ind2=" " tag="700">
		<subfield code="a">Bey, Henning</subfield>
		<subfield code="0">(IdRef)061128163</subfield>
	</datafield>
	<datafield ind1="1" ind2=" " tag="800">
		<subfield code="a">Mozart, Wolfgang Amadeus. -</subfield>
		<subfield code="t">Neue Ausgabe sämtlicher Werke</subfield>
		<subfield code="v">11,8</subfield>
	</datafield>
	<datafield ind1=" " ind2=" " tag="900">
		<subfield code="a">noselfmerge</subfield>
	</datafield>
	<datafield ind1=" " ind2=" " tag="902">
		<subfield code="a">geulmu</subfield>
		<subfield code="b">2017/11</subfield>
	</datafield>
	<datafield ind1=" " ind2=" " tag="956">
		<subfield code="a">frbcuc</subfield>
	</datafield>
	<datafield ind1=" " ind2=" " tag="957">
		<subfield code="a">geulmu</subfield>
	</datafield>
	<datafield ind1=" " ind2=" " tag="962">
		<subfield code="a">nencm-</subfield>
	</datafield>
	<datafield ind1=" " ind2=" " tag="982">
		<subfield code="2">ge-ulmu</subfield>
		<subfield code="a">E.MoWA.41/8</subfield>
	</datafield>
</record>