

<record>
	<leader>00835cam a2200277 a 4500</leader>
	<controlfield tag="001">REROILS:89</controlfield>
	<controlfield tag="003">RERO</controlfield>
	<controlfield tag="005">20170518162500.0</controlfield>
	<controlfield tag="008">031017s2003    gw |||||| ||||00|| |ger d</controlfield>
	<datafield ind1=" " ind2=" " tag="020">
		<subfield code="a">9783810506634</subfield>
	</datafield>
	<datafield ind1=" " ind2=" " tag="035">
		<subfield code="a">R003525222</subfield>
	</datafield>
	<datafield ind1=" " ind2="9" tag="039">
		<subfield code="a">201705181625</subfield>
		<subfield code="b">VLOAD</subfield>
		<subfield code="c">200812211940</subfield>
		<subfield code="d">VLOAD</subfield>
		<subfield code="c">200512081638</subfield>
		<subfield code="d">3307</subfield>
		<subfield code="c">200310171631</subfield>
		<subfield code="d">3327</subfield>
		<subfield code="y">200310171631</subfield>
		<subfield code="z">3327</subfield>
	</datafield>
	<datafield ind1=" " ind2=" " tag="040">
		<subfield code="a">RERO nebpup</subfield>
	</datafield>
	<datafield ind1=" " ind2="7" tag="072">
		<subfield code="a">s1al</subfield>
		<subfield code="2">rero</subfield>
	</datafield>
	<datafield ind1="1" ind2=" " tag="100">
		<subfield code="a">Fröhlich, Susanne,</subfield>
		<subfield code="d">1962-</subfield>
		<subfield code="4">cre</subfield>
		<subfield code="0">(IdRef)060510714</subfield>
	</datafield>
	<datafield ind1="1" ind2="0" tag="245">
		<subfield code="a">Frisch gemacht :</subfield>
		<subfield code="b">Roman /</subfield>
		<subfield code="c">Susanne Fröhlich</subfield>
	</datafield>
	<datafield ind1=" " ind2="1" tag="264">
		<subfield code="a">Frankfurt am Main :</subfield>
		<subfield code="b">Krüger,</subfield>
		<subfield code="c">2003</subfield>
	</datafield>
	<datafield ind1=" " ind2=" " tag="300">
		<subfield code="a">334 p. ;</subfield>
		<subfield code="c">20 cm</subfield>
	</datafield>
	<datafield ind1=" " ind2=" " tag="336">
		<subfield code="b">txt</subfield>
		<subfield code="2">rdacontent</subfield>
	</datafield>
	<datafield ind1=" " ind2=" " tag="337">
		<subfield code="b">n</subfield>
		<subfield code="2">rdamedia</subfield>
	</datafield>
	<datafield ind1=" " ind2=" " tag="338">
		<subfield code="b">nc</subfield>
		<subfield code="2">rdacarrier</subfield>
	</datafield>
	<datafield ind1=" " ind2=" " tag="339">
		<subfield code="a">docmaintype_book</subfield>
		<subfield code="b">docsubtype_other_book</subfield>
	</datafield>
	<datafield ind1=" " ind2=" " tag="900">
		<subfield code="a">noselfmerge</subfield>
	</datafield>
	<datafield ind1=" " ind2=" " tag="904">
		<subfield code="a">bpunlp</subfield>
		<subfield code="b">0310</subfield>
		<subfield code="c">28</subfield>
	</datafield>
	<datafield ind1=" " ind2=" " tag="962">
		<subfield code="a">nebpup</subfield>
	</datafield>
	<datafield ind1=" " ind2=" " tag="994">
		<subfield code="a">BPUP 16R FROE Fri</subfield>
		<subfield code="x">ne/bpup/a/1631/2003</subfield>
	</datafield>
</record>