

<record>
	<leader>01382nam a2200397 a 4500</leader>
	<controlfield tag="001">REROILS:254</controlfield>
	<controlfield tag="003">RERO</controlfield>
	<controlfield tag="005">20171221152800.0</controlfield>
	<controlfield tag="008">100928s2010    gw ||| |  ||||00|  |ger d</controlfield>
	<datafield ind1=" " ind2=" " tag="020">
		<subfield code="a">9783499215315</subfield>
	</datafield>
	<datafield ind1="7" ind2=" " tag="024">
		<subfield code="a">http://catalogue.bnf.fr/ark:/12148/cb43409035d</subfield>
		<subfield code="2">uri</subfield>
	</datafield>
	<datafield ind1=" " ind2=" " tag="035">
		<subfield code="a">R005662311</subfield>
	</datafield>
	<datafield ind1=" " ind2="9" tag="039">
		<subfield code="a">201712211528</subfield>
		<subfield code="b">1102</subfield>
		<subfield code="c">201705300738</subfield>
		<subfield code="d">VLOAD</subfield>
		<subfield code="c">201609021324</subfield>
		<subfield code="d">1401</subfield>
		<subfield code="c">201605151352</subfield>
		<subfield code="d">VLOAD</subfield>
		<subfield code="y">201009280856</subfield>
		<subfield code="z">1112</subfield>
	</datafield>
	<datafield ind1=" " ind2=" " tag="040">
		<subfield code="a">GyFmDB</subfield>
		<subfield code="d">RERO vsbcvb</subfield>
	</datafield>
	<datafield ind1=" " ind2="7" tag="072">
		<subfield code="a">s1al</subfield>
		<subfield code="2">rero</subfield>
	</datafield>
	<datafield ind1="1" ind2=" " tag="100">
		<subfield code="a">Nesch, Thorsten</subfield>
		<subfield code="4">cre</subfield>
		<subfield code="0">(IdRef)079963374</subfield>
	</datafield>
	<datafield ind1="1" ind2="0" tag="245">
		<subfield code="a">Joyride Ost :</subfield>
		<subfield code="b">ein Roadmovie-Roman /</subfield>
		<subfield code="c">Thorsten Nesch</subfield>
	</datafield>
	<datafield ind1=" " ind2=" " tag="250">
		<subfield code="a">Orig.-Ausg.</subfield>
	</datafield>
	<datafield ind1=" " ind2="1" tag="264">
		<subfield code="a">Reinbek bei Hamburg :</subfield>
		<subfield code="b">Rowohlt-Taschenbuch-Verl.,</subfield>
		<subfield code="c">2010</subfield>
	</datafield>
	<datafield ind1=" " ind2=" " tag="300">
		<subfield code="a">149 S. ;</subfield>
		<subfield code="c">19 cm</subfield>
	</datafield>
	<datafield ind1=" " ind2=" " tag="336">
		<subfield code="b">txt</subfield>
		<subfield code="2">rdacontent</subfield>
	</datafield>
	<datafield ind1=" " ind2=" " tag="337">
		<subfield code="b">n</subfield>
		<subfield code="2">rdamedia</subfield>
	</datafield>
	<datafield ind1=" " ind2=" " tag="338">
		<subfield code="b">nc</subfield>
		<subfield code="2">rdacarrier</subfield>
	</datafield>
	<datafield ind1=" " ind2=" " tag="339">
		<subfield code="a">docmaintype_book</subfield>
		<subfield code="b">docsubtype_other_book</subfield>
	</datafield>
	<datafield ind1="1" ind2=" " tag="490">
		<subfield code="a">Rororo</subfield>
		<subfield code="v">21531 : rororo Rotfuchs</subfield>
	</datafield>
	<datafield ind1="8" ind2=" " tag="520">
		<subfield code="a">Klassenlektüre</subfield>
		<subfield code="9">vsbcvb/02.2014</subfield>
	</datafield>
	<datafield ind1=" " ind2=" " tag="521">
		<subfield code="a">Jugendliche (12-15 Jahre)</subfield>
		<subfield code="9">vsbcvb/12.2010</subfield>
		<subfield code="9">rero/05.2014</subfield>
	</datafield>
	<datafield ind1=" " ind2=" " tag="521">
		<subfield code="a">Jugendliche (15-18 Jahre)</subfield>
		<subfield code="9">vsbcvb/12.2010</subfield>
		<subfield code="9">rero/05.2014</subfield>
	</datafield>
	<datafield ind1=" " ind2=" " tag="521">
		<subfield code="a">Orientierungsschule (7.-9. Kl.)</subfield>
		<subfield code="9">vsbrod/04.2015</subfield>
	</datafield>
	<datafield ind1=" " ind2="0" tag="830">
		<subfield code="a">Rororo</subfield>
		<subfield code="v">21531</subfield>
		<subfield code="w">REROILS:2000016</subfield>
	</datafield>
	<datafield ind1="4" ind2="2" tag="856">
		<subfield code="3">classReading</subfield>
		<subfield code="u">http://www.bibliomedia.ch/de</subfield>
		<subfield code="z">Bestellung für Lehrpersonen möglich</subfield>
	</datafield>
	<datafield ind1=" " ind2=" " tag="900">
		<subfield code="a">noselfmerge</subfield>
	</datafield>
	<datafield ind1=" " ind2=" " tag="906">
		<subfield code="a">brod</subfield>
	</datafield>
	<datafield ind1=" " ind2=" " tag="906">
		<subfield code="a">bcvs</subfield>
		<subfield code="b">2011/05</subfield>
		<subfield code="c">24</subfield>
	</datafield>
	<datafield ind1=" " ind2=" " tag="973">
		<subfield code="a">vsbrod</subfield>
	</datafield>
</record>