

<record>
	<leader>01882njm a2200409 a 4500</leader>
	<controlfield tag="001">REROILS:118</controlfield>
	<controlfield tag="003">RERO</controlfield>
	<controlfield tag="005">20170519112200.0</controlfield>
	<controlfield tag="007">s|</controlfield>
	<controlfield tag="008">070205s2007    xx ||| |  ||||  |  |spa d</controlfield>
	<datafield ind1="0" ind2="2" tag="028">
		<subfield code="a">Virgin Classics 365474 2 8</subfield>
	</datafield>
	<datafield ind1=" " ind2=" " tag="035">
		<subfield code="a">R004324456</subfield>
	</datafield>
	<datafield ind1=" " ind2="9" tag="039">
		<subfield code="a">201705191122</subfield>
		<subfield code="b">VLOAD</subfield>
		<subfield code="c">201612161237</subfield>
		<subfield code="d">1323</subfield>
		<subfield code="c">201606201509</subfield>
		<subfield code="d">1015</subfield>
		<subfield code="c">201604201811</subfield>
		<subfield code="d">VLOAD</subfield>
		<subfield code="y">200702051201</subfield>
		<subfield code="z">8206</subfield>
	</datafield>
	<datafield ind1=" " ind2=" " tag="040">
		<subfield code="a">RERO labcur</subfield>
	</datafield>
	<datafield ind1=" " ind2="7" tag="072">
		<subfield code="a">s1mu</subfield>
		<subfield code="2">rero</subfield>
	</datafield>
	<datafield ind1="0" ind2="0" tag="245">
		<subfield code="a">Gitano :</subfield>
		<subfield code="b">[zarzuela arias]</subfield>
	</datafield>
	<datafield ind1=" " ind2="1" tag="264">
		<subfield code="a">[Lieu de publication non identifié] :</subfield>
		<subfield code="b">Virgin Classics,</subfield>
		<subfield code="c">2007</subfield>
	</datafield>
	<datafield ind1=" " ind2=" " tag="300">
		<subfield code="a">1 disque compact :</subfield>
		<subfield code="b">stéréo, DDD +</subfield>
		<subfield code="e">1 fasc. (47 p.)</subfield>
	</datafield>
	<datafield ind1=" " ind2=" " tag="336">
		<subfield code="b">prm</subfield>
		<subfield code="2">rdacontent</subfield>
	</datafield>
	<datafield ind1=" " ind2=" " tag="337">
		<subfield code="b">s</subfield>
		<subfield code="2">rdamedia</subfield>
	</datafield>
	<datafield ind1=" " ind2=" " tag="338">
		<subfield code="b">sd</subfield>
		<subfield code="2">rdacarrier</subfield>
	</datafield>
	<datafield ind1=" " ind2=" " tag="339">
		<subfield code="a">docmaintype_audio</subfield>
		<subfield code="b">docsubtype_music</subfield>
	</datafield>
	<datafield ind1="0" ind2=" " tag="505">
		<subfield code="a">Des extraits des zarzuelas suivantes : La tabernera del puerto ; La del manojo de rosas / Sorozábal. Doña Francisquita / Vives. La alegría del batallón ; La dolorosa ; El trust de los tenorios / Serrano. La pícara molinera / Luna. Luisa Ferńanda ; Maravilla / Torroba. El último romántico ; La del soto del Parral ; La del soto del Parral / Soutullo &amp; Vert. Los gavilanes ; El huésped del Sevillano / Guerrero. El guitarrico / Soriano. Luna / Cano</subfield>
	</datafield>
	<datafield ind1="0" ind2=" " tag="511">
		<subfield code="a">Domingo, Placido (direction) ; Villazón, Rolando (ténor) ; Orquesta de la comunidad (Madrid)</subfield>
	</datafield>
	<datafield ind1="1" ind2=" " tag="700">
		<subfield code="a">Villazón, Rolando</subfield>
	</datafield>
	<datafield ind1="1" ind2=" " tag="700">
		<subfield code="a">Domingo, Plácido,</subfield>
		<subfield code="d">1941-</subfield>
		<subfield code="0">(IdRef)027771202</subfield>
	</datafield>
	<datafield ind1="2" ind2=" " tag="710">
		<subfield code="a">Orquesta de la Comunidad de Madrid</subfield>
	</datafield>
	<datafield ind1=" " ind2=" " tag="900">
		<subfield code="a">noselfmerge</subfield>
	</datafield>
	<datafield ind1=" " ind2=" " tag="906">
		<subfield code="a">bcvs</subfield>
		<subfield code="b">2007/03</subfield>
		<subfield code="c">19</subfield>
	</datafield>
	<datafield ind1=" " ind2=" " tag="919">
		<subfield code="a">ESPAGNE</subfield>
		<subfield code="x">Musique</subfield>
		<subfield code="2">choix</subfield>
	</datafield>
	<datafield ind1=" " ind2=" " tag="919">
		<subfield code="a">OPERA (Musique)</subfield>
		<subfield code="2">choix</subfield>
	</datafield>
	<datafield ind1=" " ind2=" " tag="919">
		<subfield code="a">ZARZUELA</subfield>
		<subfield code="2">choix</subfield>
	</datafield>
	<datafield ind1=" " ind2=" " tag="956">
		<subfield code="a">frbcuc</subfield>
	</datafield>
	<datafield ind1=" " ind2=" " tag="973">
		<subfield code="a">vsbcvs</subfield>
	</datafield>
	<datafield ind1=" " ind2=" " tag="986">
		<subfield code="2">vs-pratcd</subfield>
		<subfield code="a">51</subfield>
	</datafield>
</record>