

<record>
	<leader>01466nam a22003732a 4500</leader>
	<controlfield tag="001">REROILS:154</controlfield>
	<controlfield tag="003">RERO</controlfield>
	<controlfield tag="005">20180403083800.0</controlfield>
	<controlfield tag="008">110218s2008    fr ||| |  ||||00|  |fre d</controlfield>
	<datafield ind1=" " ind2=" " tag="019">
		<subfield code="a">Notice créée dans le cadre de la migration de la BM Delémont</subfield>
		<subfield code="9">jubmdj/04.2011</subfield>
	</datafield>
	<datafield ind1=" " ind2=" " tag="020">
		<subfield code="a">9782092517444</subfield>
	</datafield>
	<datafield ind1=" " ind2=" " tag="035">
		<subfield code="a">R006038122</subfield>
	</datafield>
	<datafield ind1=" " ind2="9" tag="039">
		<subfield code="a">201804030838</subfield>
		<subfield code="b">VLOAD</subfield>
		<subfield code="c">201705301346</subfield>
		<subfield code="d">VLOAD</subfield>
		<subfield code="c">201109211133</subfield>
		<subfield code="d">8651</subfield>
		<subfield code="c">201106191921</subfield>
		<subfield code="d">VLOAD</subfield>
		<subfield code="y">201106171617</subfield>
		<subfield code="z">VLOAD</subfield>
	</datafield>
	<datafield ind1=" " ind2=" " tag="040">
		<subfield code="a">RERO jubmdj</subfield>
	</datafield>
	<datafield ind1=" " ind2="7" tag="072">
		<subfield code="a">s1zz</subfield>
		<subfield code="2">rero</subfield>
	</datafield>
	<datafield ind1="1" ind2=" " tag="100">
		<subfield code="a">Cantin, Marc</subfield>
		<subfield code="4">cre</subfield>
		<subfield code="0">(IdRef)033963584</subfield>
	</datafield>
	<datafield ind1="1" ind2="2" tag="245">
		<subfield code="a">L'oeil de bézoard /</subfield>
		<subfield code="c">Marc Cantin, Jean-Emmanuel Vermot-Desroches</subfield>
	</datafield>
	<datafield ind1=" " ind2="1" tag="264">
		<subfield code="a">Paris :</subfield>
		<subfield code="b">Nathan,</subfield>
		<subfield code="c">2008</subfield>
	</datafield>
	<datafield ind1=" " ind2=" " tag="300">
		<subfield code="a">282 p. ;</subfield>
		<subfield code="c">18 cm</subfield>
	</datafield>
	<datafield ind1=" " ind2=" " tag="336">
		<subfield code="b">txt</subfield>
		<subfield code="2">rdacontent</subfield>
	</datafield>
	<datafield ind1=" " ind2=" " tag="337">
		<subfield code="b">n</subfield>
		<subfield code="2">rdamedia</subfield>
	</datafield>
	<datafield ind1=" " ind2=" " tag="338">
		<subfield code="b">nc</subfield>
		<subfield code="2">rdacarrier</subfield>
	</datafield>
	<datafield ind1=" " ind2=" " tag="339">
		<subfield code="a">docmaintype_book</subfield>
		<subfield code="b">docsubtype_other_book</subfield>
	</datafield>
	<datafield ind1="0" ind2=" " tag="490">
		<subfield code="a">Les maléfices d'Halequin / Marc Cantin, Jean-Emmanuel Vermot-Desroches</subfield>
		<subfield code="v">1</subfield>
	</datafield>
	<datafield ind1="0" ind2=" " tag="490">
		<subfield code="a">Nathan poche. 11 ans et plus</subfield>
		<subfield code="v">170</subfield>
	</datafield>
	<datafield ind1="1" ind2=" " tag="700">
		<subfield code="a">Vermot-Desroches, Jean-Emmanuel</subfield>
		<subfield code="0">(IdRef)050835750</subfield>
	</datafield>
	<datafield ind1="1" ind2=" " tag="800">
		<subfield code="a">Cantin, Marc. -</subfield>
		<subfield code="t">Les maléfices d'Halequin</subfield>
		<subfield code="v">1</subfield>
		<subfield code="w">REROILS:2000017</subfield>
	</datafield>
	<datafield ind1=" " ind2=" " tag="900">
		<subfield code="a">noselfmerge</subfield>
	</datafield>
	<datafield ind1=" " ind2=" " tag="904">
		<subfield code="a">jubmdjre op166222</subfield>
	</datafield>
	<datafield ind1=" " ind2=" " tag="960">
		<subfield code="a">jubmdj</subfield>
	</datafield>
	<datafield ind1=" " ind2=" " tag="984">
		<subfield code="2">jubmd</subfield>
		<subfield code="a">ROMAN DE FANTASY</subfield>
		<subfield code="e">[Fiction]</subfield>
	</datafield>
	<datafield ind1=" " ind2=" " tag="984">
		<subfield code="2">jubmd</subfield>
		<subfield code="a">SORCELLERIE</subfield>
		<subfield code="e">[Fiction]</subfield>
	</datafield>
	<datafield ind1=" " ind2=" " tag="984">
		<subfield code="2">jubmd</subfield>
		<subfield code="a">Titre de série : Les maléfices d'Halequin / Marc Cantin, Jean-Emmanuel Vermot-Desroches</subfield>
	</datafield>
</record>