

<record>
	<leader>01232nam a2200373 a 4500</leader>
	<controlfield tag="001">REROILS:48</controlfield>
	<controlfield tag="003">RERO</controlfield>
	<controlfield tag="005">20200226170100.0</controlfield>
	<controlfield tag="008">000914s1998    fr ||| |  ||||00|  |fre d</controlfield>
	<datafield ind1=" " ind2=" " tag="020">
		<subfield code="a">9782130487715</subfield>
	</datafield>
	<datafield ind1="7" ind2=" " tag="024">
		<subfield code="a">http://catalogue.bnf.fr/ark:/12148/cb36185064g</subfield>
		<subfield code="2">uri</subfield>
	</datafield>
	<datafield ind1=" " ind2=" " tag="035">
		<subfield code="a">R267112260</subfield>
	</datafield>
	<datafield ind1=" " ind2=" " tag="039">
		<subfield code="b">3301</subfield>
		<subfield code="b">3306i</subfield>
	</datafield>
	<datafield ind1=" " ind2="9" tag="039">
		<subfield code="a">202002261701</subfield>
		<subfield code="b">AUTHORITY</subfield>
		<subfield code="c">201808281115</subfield>
		<subfield code="d">VLOAD</subfield>
		<subfield code="c">201706111117</subfield>
		<subfield code="d">VLOAD</subfield>
		<subfield code="c">200812231137</subfield>
		<subfield code="d">VLOAD</subfield>
		<subfield code="y">200009140308</subfield>
		<subfield code="z">VLOAD</subfield>
	</datafield>
	<datafield ind1=" " ind2=" " tag="040">
		<subfield code="a">RERO nebpun</subfield>
	</datafield>
	<datafield ind1=" " ind2="7" tag="072">
		<subfield code="a">s1fr</subfield>
		<subfield code="2">rero</subfield>
	</datafield>
	<datafield ind1="1" ind2=" " tag="100">
		<subfield code="a">Le Gall, Danielle</subfield>
		<subfield code="4">cre</subfield>
		<subfield code="0">(IdRef)03346894X</subfield>
	</datafield>
	<datafield ind1="1" ind2="1" tag="245">
		<subfield code="a">&quot;Electre&quot; de Jean Giraudoux :</subfield>
		<subfield code="b">textes commentés /</subfield>
		<subfield code="c">par Danielle Le Gall</subfield>
	</datafield>
	<datafield ind1=" " ind2=" " tag="250">
		<subfield code="a">[2e éd.]</subfield>
	</datafield>
	<datafield ind1=" " ind2="1" tag="264">
		<subfield code="a">Paris :</subfield>
		<subfield code="b">Presses universitaires de France,</subfield>
		<subfield code="c">1998</subfield>
	</datafield>
	<datafield ind1=" " ind2=" " tag="300">
		<subfield code="a">IV, 114 p. ;</subfield>
		<subfield code="c">18 cm</subfield>
	</datafield>
	<datafield ind1=" " ind2=" " tag="336">
		<subfield code="b">txt</subfield>
		<subfield code="2">rdacontent</subfield>
	</datafield>
	<datafield ind1=" " ind2=" " tag="337">
		<subfield code="b">n</subfield>
		<subfield code="2">rdamedia</subfield>
	</datafield>
	<datafield ind1=" " ind2=" " tag="338">
		<subfield code="b">nc</subfield>
		<subfield code="2">rdacarrier</subfield>
	</datafield>
	<datafield ind1=" " ind2=" " tag="339">
		<subfield code="a">docmaintype_book</subfield>
		<subfield code="b">docsubtype_other_book</subfield>
	</datafield>
	<datafield ind1="1" ind2=" " tag="490">
		<subfield code="a">Major bac. Premières ES - L - S</subfield>
	</datafield>
	<datafield ind1="1" ind2="7" tag="600">
		<subfield code="a">Giraudoux, Jean.</subfield>
		<subfield code="t">Electre</subfield>
		<subfield code="2">rero</subfield>
		<subfield code="0">(IdRef)027538303</subfield>
	</datafield>
	<datafield ind1=" " ind2="7" tag="655">
		<subfield code="a">[Manuels d'enseignement]</subfield>
		<subfield code="2">rero</subfield>
	</datafield>
	<datafield ind1=" " ind2="0" tag="830">
		<subfield code="a">Collection major bac</subfield>
		<subfield code="w">REROILS:2000018</subfield>
	</datafield>
	<datafield ind1=" " ind2=" " tag="900">
		<subfield code="a">noselfmerge</subfield>
	</datafield>
	<datafield ind1=" " ind2=" " tag="919">
		<subfield code="9">600 17</subfield>
		<subfield code="a">Giraudoux, Jean.</subfield>
		<subfield code="t">&quot;Electre&quot;</subfield>
		<subfield code="v">[manuel]</subfield>
		<subfield code="2">chrero</subfield>
	</datafield>
	<datafield ind1=" " ind2=" " tag="962">
		<subfield code="a">nebpun</subfield>
	</datafield>
	<datafield ind1=" " ind2=" " tag="994">
		<subfield code="a">PT 893/20</subfield>
		<subfield code="x">ne/bpun/a/2000/968</subfield>
	</datafield>
</record>