

<record>
	<leader>02313nam a2200601 a 4500</leader>
	<controlfield tag="001">REROILS:281</controlfield>
	<controlfield tag="003">RERO</controlfield>
	<controlfield tag="005">20200712170300.0</controlfield>
	<controlfield tag="008">180110s2015    gw |||||  ||||00||||ger d</controlfield>
	<datafield ind1=" " ind2=" " tag="020">
		<subfield code="a">9783862655274</subfield>
	</datafield>
	<datafield ind1=" " ind2=" " tag="020">
		<subfield code="a">9783862655274</subfield>
	</datafield>
	<datafield ind1=" " ind2=" " tag="020">
		<subfield code="a">9783862655281</subfield>
	</datafield>
	<datafield ind1=" " ind2=" " tag="020">
		<subfield code="a">9783862655281</subfield>
	</datafield>
	<datafield ind1="3" ind2=" " tag="024">
		<subfield code="a">9783862655274</subfield>
		<subfield code="q">Bd. 3</subfield>
	</datafield>
	<datafield ind1="3" ind2=" " tag="024">
		<subfield code="a">9783862655281</subfield>
		<subfield code="q">Bd. 4</subfield>
	</datafield>
	<datafield ind1=" " ind2=" " tag="035">
		<subfield code="a">R008750101</subfield>
	</datafield>
	<datafield ind1=" " ind2="7" tag="039">
		<subfield code="b">0009</subfield>
	</datafield>
	<datafield ind1=" " ind2="9" tag="039">
		<subfield code="a">202007121703</subfield>
		<subfield code="b">VLOAD</subfield>
		<subfield code="c">201902151549</subfield>
		<subfield code="d">VLOAD</subfield>
		<subfield code="c">201901241744</subfield>
		<subfield code="d">0257</subfield>
		<subfield code="c">201808061809</subfield>
		<subfield code="d">0999</subfield>
		<subfield code="y">201801101437</subfield>
		<subfield code="z">0257</subfield>
	</datafield>
	<datafield ind1=" " ind2=" " tag="040">
		<subfield code="a">1145</subfield>
		<subfield code="b">ger</subfield>
		<subfield code="d">9999</subfield>
		<subfield code="d">RERO frbcuc</subfield>
		<subfield code="d">DNB</subfield>
		<subfield code="d">RERO frbcuc</subfield>
	</datafield>
	<datafield ind1=" " ind2="7" tag="072">
		<subfield code="a">s1go</subfield>
		<subfield code="2">rero</subfield>
	</datafield>
	<datafield ind1="0" ind2=" " tag="100">
		<subfield code="a">Urlaub, Farin,</subfield>
		<subfield code="d">1963-</subfield>
		<subfield code="4">cre</subfield>
		<subfield code="0">(IdRef)244017360</subfield>
	</datafield>
	<datafield ind1="1" ind2="0" tag="245">
		<subfield code="a">Afrika /</subfield>
		<subfield code="c">Farin Urlaub</subfield>
	</datafield>
	<datafield ind1="3" ind2="1" tag="264">
		<subfield code="a">Berlin :</subfield>
		<subfield code="b">Schwarzkopf &amp; Schwarzkopf,</subfield>
		<subfield code="c">2015</subfield>
	</datafield>
	<datafield ind1=" " ind2=" " tag="300">
		<subfield code="a">344 S. :</subfield>
		<subfield code="b">Ill.</subfield>
	</datafield>
	<datafield ind1=" " ind2=" " tag="336">
		<subfield code="b">sti</subfield>
		<subfield code="2">rdacontent</subfield>
	</datafield>
	<datafield ind1=" " ind2=" " tag="336">
		<subfield code="b">txt</subfield>
		<subfield code="2">rdacontent</subfield>
	</datafield>
	<datafield ind1=" " ind2=" " tag="337">
		<subfield code="b">n</subfield>
		<subfield code="2">rdamedia</subfield>
	</datafield>
	<datafield ind1=" " ind2=" " tag="338">
		<subfield code="b">nc</subfield>
		<subfield code="2">rdacarrier</subfield>
	</datafield>
	<datafield ind1=" " ind2=" " tag="339">
		<subfield code="a">docmaintype_book</subfield>
		<subfield code="b">docsubtype_other_book</subfield>
	</datafield>
	<datafield ind1="1" ind2=" " tag="490">
		<subfield code="a">Unterwegs / Farin Urlaub</subfield>
		<subfield code="v">Bd. 3-4</subfield>
	</datafield>
	<datafield ind1="0" ind2=" " tag="505">
		<subfield code="a">[Bd. 1]: Vom Mittelmeer zum Golf von Guinea</subfield>
	</datafield>
	<datafield ind1="0" ind2=" " tag="505">
		<subfield code="a">[Bd. 2]: Vom Golf von Guinea nach Sansibar</subfield>
	</datafield>
	<datafield ind1=" " ind2="7" tag="651">
		<subfield code="a">Afrique</subfield>
		<subfield code="2">rero</subfield>
		<subfield code="0">(IdRef)027218546</subfield>
	</datafield>
	<datafield ind1=" " ind2="7" tag="655">
		<subfield code="a">[Photographies]</subfield>
		<subfield code="2">rero</subfield>
	</datafield>
	<datafield ind1="1" ind2=" " tag="800">
		<subfield code="a">Urlaub, Farin,</subfield>
		<subfield code="d">1963-. -</subfield>
		<subfield code="t">Unterwegs</subfield>
		<subfield code="v">3-4</subfield>
	</datafield>
	<datafield ind1="4" ind2="2" tag="856">
		<subfield code="3">tableOfContents</subfield>
		<subfield code="u">http://d-nb.info/1071856731/04</subfield>
		<subfield code="q">application/pdf</subfield>
		<subfield code="z">Bd. 1</subfield>
	</datafield>
	<datafield ind1="4" ind2="2" tag="856">
		<subfield code="3">noteOnContent</subfield>
		<subfield code="u">http://deposit.d-nb.de/cgi-bin/dokserv?id=5285372&amp;prov=M&amp;dok_var=1&amp;dok_ext=htm</subfield>
		<subfield code="q">text/html</subfield>
		<subfield code="z">Bd. 1</subfield>
	</datafield>
	<datafield ind1="4" ind2="2" tag="856">
		<subfield code="3">tableOfContents</subfield>
		<subfield code="u">http://d-nb.info/1071856723/04</subfield>
		<subfield code="q">application/pdf</subfield>
		<subfield code="z">Bd. 2</subfield>
	</datafield>
	<datafield ind1="4" ind2="2" tag="856">
		<subfield code="3">noteOnContent</subfield>
		<subfield code="u">http://deposit.dnb.de/cgi-bin/dokserv?id=5285371&amp;prov=M&amp;dok_var=1&amp;dok_ext=htm</subfield>
		<subfield code="q">text/html</subfield>
		<subfield code="z">Bd. 2</subfield>
	</datafield>
	<datafield ind1=" " ind2="1" tag="900">
		<subfield code="a">DNB</subfield>
		<subfield code="b">20180110</subfield>
	</datafield>
	<datafield ind1=" " ind2="1" tag="900">
		<subfield code="a">DNB</subfield>
		<subfield code="b">20190124</subfield>
	</datafield>
	<datafield ind1=" " ind2=" " tag="900">
		<subfield code="a">noselfmerge</subfield>
	</datafield>
	<datafield ind1=" " ind2=" " tag="919">
		<subfield code="a">(Produktform (spezifisch))With dust jacket</subfield>
	</datafield>
	<datafield ind1=" " ind2=" " tag="919">
		<subfield code="a">(Produktform)Hardback</subfield>
	</datafield>
	<datafield ind1=" " ind2=" " tag="919">
		<subfield code="a">(VLB-WN)1353: Hardcover, Softcover / Reisen/Bildbände/Afrika</subfield>
	</datafield>
	<datafield ind1=" " ind2=" " tag="919">
		<subfield code="a">Afrika</subfield>
	</datafield>
	<datafield ind1=" " ind2=" " tag="919">
		<subfield code="a">Bildband</subfield>
	</datafield>
	<datafield ind1=" " ind2=" " tag="919">
		<subfield code="a">Farin Urlaub</subfield>
	</datafield>
	<datafield ind1=" " ind2=" " tag="930">
		<subfield code="a">(DNB) 1071856731</subfield>
	</datafield>
	<datafield ind1=" " ind2=" " tag="930">
		<subfield code="a">(DNB) 1071856723</subfield>
	</datafield>
	<datafield ind1=" " ind2=" " tag="956">
		<subfield code="a">frbcuc</subfield>
	</datafield>
</record>