

<record>
	<leader>02684nam a2200541 a 4500</leader>
	<controlfield tag="001">REROILS:230</controlfield>
	<controlfield tag="003">RERO</controlfield>
	<controlfield tag="005">20200712140300.0</controlfield>
	<controlfield tag="008">000918r19161758xxu|||||| ||||00|| |eng d</controlfield>
	<datafield ind1=" " ind2=" " tag="019">
		<subfield code="a">BPUN: Vattel = NE</subfield>
		<subfield code="9">nebpun/05.2000/3312</subfield>
	</datafield>
	<datafield ind1=" " ind2=" " tag="035">
		<subfield code="a">0073804</subfield>
	</datafield>
	<datafield ind1=" " ind2=" " tag="039">
		<subfield code="b">6001</subfield>
		<subfield code="b">3312</subfield>
	</datafield>
	<datafield ind1=" " ind2="9" tag="039">
		<subfield code="a">202007121403</subfield>
		<subfield code="b">VLOAD</subfield>
		<subfield code="c">201803291615</subfield>
		<subfield code="d">VLOAD</subfield>
		<subfield code="c">201709250918</subfield>
		<subfield code="d">VLOAD</subfield>
		<subfield code="c">201705151538</subfield>
		<subfield code="d">VLOAD</subfield>
		<subfield code="y">1999022711460000</subfield>
		<subfield code="z">load</subfield>
	</datafield>
	<datafield ind1=" " ind2=" " tag="040">
		<subfield code="a">RERO</subfield>
	</datafield>
	<datafield ind1="0" ind2=" " tag="041">
		<subfield code="a">eng</subfield>
		<subfield code="a">fre</subfield>
	</datafield>
	<datafield ind1=" " ind2="7" tag="072">
		<subfield code="a">s1dr</subfield>
		<subfield code="2">rero</subfield>
	</datafield>
	<datafield ind1="1" ind2=" " tag="100">
		<subfield code="a">Vattel, Emer de</subfield>
		<subfield code="4">cre</subfield>
		<subfield code="0">(IdRef)032444621</subfield>
	</datafield>
	<datafield ind1="1" ind2="3" tag="245">
		<subfield code="a">Le droit des gens, ou, Principes de la loi naturelle appliqués à la conduite et aux affaires des nations et des souverains /</subfield>
		<subfield code="c">par M. Vattel ; with an introd. by Albert de Lapradelle = The law of nations or the principles of natural law</subfield>
	</datafield>
	<datafield ind1=" " ind2="1" tag="264">
		<subfield code="a">Washington :</subfield>
		<subfield code="b">Carnegie Institution of Washington,</subfield>
		<subfield code="c">1916</subfield>
	</datafield>
	<datafield ind1=" " ind2=" " tag="300">
		<subfield code="a">3 vol. :</subfield>
		<subfield code="b">fig. ;</subfield>
		<subfield code="c">27 cm</subfield>
	</datafield>
	<datafield ind1=" " ind2=" " tag="336">
		<subfield code="b">txt</subfield>
		<subfield code="2">rdacontent</subfield>
	</datafield>
	<datafield ind1=" " ind2=" " tag="337">
		<subfield code="b">n</subfield>
		<subfield code="2">rdamedia</subfield>
	</datafield>
	<datafield ind1=" " ind2=" " tag="338">
		<subfield code="b">nc</subfield>
		<subfield code="2">rdacarrier</subfield>
	</datafield>
	<datafield ind1=" " ind2=" " tag="339">
		<subfield code="a">docmaintype_book</subfield>
		<subfield code="b">docsubtype_other_book</subfield>
	</datafield>
	<datafield ind1="1" ind2=" " tag="490">
		<subfield code="a">The classics of international law</subfield>
		<subfield code="v">[no 4]</subfield>
	</datafield>
	<datafield ind1="1" ind2=" " tag="490">
		<subfield code="a">[Publ. of the Carnegie Endowment for International Peace : Division of International Law]</subfield>
	</datafield>
	<datafield ind1="0" ind2=" " tag="505">
		<subfield code="a">Vol. 1 : Reproduction of books I and II of edition of 1758. - LIX, 541 p</subfield>
	</datafield>
	<datafield ind1="0" ind2=" " tag="505">
		<subfield code="a">Vol. 2 : Reproduction of books III and IV of edition of 1758. - 375 p</subfield>
	</datafield>
	<datafield ind1="0" ind2=" " tag="505">
		<subfield code="a">Vol. 3 : Translation of the edition of 1758 / by Charles G. Fenwick ; with an introd. by Albert de Lapradelle. - LIX, 398 p</subfield>
	</datafield>
	<datafield ind1=" " ind2=" " tag="534">
		<subfield code="p">Les deux premiers vol. sont une reprod. de l'éd. de:</subfield>
		<subfield code="c">Londres, 1758</subfield>
	</datafield>
	<datafield ind1=" " ind2=" " tag="583">
		<subfield code="5">geubfd D 11 g CLIL 1911</subfield>
		<subfield code="z">2</subfield>
		<subfield code="l">vol. 3 abîmé</subfield>
	</datafield>
	<datafield ind1="1" ind2=" " tag="700">
		<subfield code="a">Lapradelle, Albert Geouffre de,</subfield>
		<subfield code="d">1871-1955</subfield>
		<subfield code="0">(IdRef)028028856</subfield>
	</datafield>
	<datafield ind1="1" ind2=" " tag="700">
		<subfield code="a">Fenwick, Charles Ghequiere</subfield>
		<subfield code="0">(IdRef)032583702</subfield>
	</datafield>
	<datafield ind1=" " ind2="0" tag="830">
		<subfield code="a">Classics of International Law</subfield>
		<subfield code="v">4</subfield>
		<subfield code="w">REROILS:2000020</subfield>
	</datafield>
	<datafield ind1=" " ind2="0" tag="830">
		<subfield code="a">Publications of the Carnegie Endowment for International Peace.</subfield>
		<subfield code="p">Division of International Law = Publications de la Dotation Carnegie pour la paix internationale. Division de droit international = Publicaciones de la Dotación Carnegie para la paz internacional. División de derecho internacional</subfield>
		<subfield code="w">REROILS:2000021</subfield>
	</datafield>
	<datafield ind1=" " ind2=" " tag="900">
		<subfield code="a">noselfmerge</subfield>
	</datafield>
	<datafield ind1=" " ind2=" " tag="904">
		<subfield code="a">neaut</subfield>
	</datafield>
	<datafield ind1=" " ind2=" " tag="956">
		<subfield code="a">frbcuc</subfield>
	</datafield>
	<datafield ind1=" " ind2=" " tag="957">
		<subfield code="a">geheid geubfd gevbge</subfield>
	</datafield>
	<datafield ind1=" " ind2=" " tag="962">
		<subfield code="a">nebpun neubfd</subfield>
	</datafield>
	<datafield ind1=" " ind2=" " tag="980">
		<subfield code="2">dr-sys</subfield>
		<subfield code="a">D 11 g</subfield>
	</datafield>
	<datafield ind1=" " ind2=" " tag="982">
		<subfield code="2">heid</subfield>
		<subfield code="a">341(093)</subfield>
	</datafield>
	<datafield ind1=" " ind2=" " tag="982">
		<subfield code="2">ge-heid</subfield>
		<subfield code="a">341(093) HEIA 19240/4/3</subfield>
	</datafield>
	<datafield ind1=" " ind2=" " tag="982">
		<subfield code="2">dr-geubfd</subfield>
		<subfield code="a">D 11 g CLIL 1911</subfield>
	</datafield>
	<datafield ind1=" " ind2=" " tag="992">
		<subfield code="a">BGE ZV 69/4</subfield>
		<subfield code="x">ge/vbge/a/12/6768</subfield>
	</datafield>
	<datafield ind1=" " ind2=" " tag="994">
		<subfield code="a">Q 275</subfield>
		<subfield code="x">ne/bpun/w/43193</subfield>
	</datafield>
</record>