

<record>
	<leader>01215naa a2200337 a 4500</leader>
	<controlfield tag="001">REROILS:275</controlfield>
	<controlfield tag="003">RERO</controlfield>
	<controlfield tag="005">20200120182900.0</controlfield>
	<controlfield tag="008">100705s1911    fr ||| |  ||||00|  |fre d</controlfield>
	<datafield ind1=" " ind2=" " tag="035">
		<subfield code="a">R005634921</subfield>
	</datafield>
	<datafield ind1=" " ind2="9" tag="039">
		<subfield code="a">202001201829</subfield>
		<subfield code="b">VLOAD</subfield>
		<subfield code="c">201905070914</subfield>
		<subfield code="d">0060</subfield>
		<subfield code="c">201705300923</subfield>
		<subfield code="d">VLOAD</subfield>
		<subfield code="c">201605151255</subfield>
		<subfield code="d">VLOAD</subfield>
		<subfield code="y">201012041621</subfield>
		<subfield code="z">VLOAD</subfield>
	</datafield>
	<datafield ind1=" " ind2=" " tag="040">
		<subfield code="a">RERO vsbcvs</subfield>
	</datafield>
	<datafield ind1=" " ind2="7" tag="072">
		<subfield code="a">s1zz</subfield>
		<subfield code="2">rero</subfield>
	</datafield>
	<datafield ind1="1" ind2=" " tag="100">
		<subfield code="a">Weiss, Pierre,</subfield>
		<subfield code="d">1865-1940</subfield>
		<subfield code="4">aut</subfield>
	</datafield>
	<datafield ind1="1" ind2="0" tag="245">
		<subfield code="a">Walther Ritz (1878-1909) ;</subfield>
		<subfield code="b">Liste des oeuvres complètes /</subfield>
		<subfield code="c">[Pierre Weiss]</subfield>
	</datafield>
	<datafield ind1=" " ind2="1" tag="264">
		<subfield code="a">Paris :</subfield>
		<subfield code="b">Impr. Gauthier-Villars,</subfield>
		<subfield code="c">[1911]</subfield>
	</datafield>
	<datafield ind1=" " ind2=" " tag="300">
		<subfield code="a">22 p.</subfield>
	</datafield>
	<datafield ind1=" " ind2=" " tag="336">
		<subfield code="b">txt</subfield>
		<subfield code="2">rdacontent</subfield>
	</datafield>
	<datafield ind1=" " ind2=" " tag="337">
		<subfield code="b">n</subfield>
		<subfield code="2">rdamedia</subfield>
	</datafield>
	<datafield ind1=" " ind2=" " tag="338">
		<subfield code="b">nc</subfield>
		<subfield code="2">rdacarrier</subfield>
	</datafield>
	<datafield ind1=" " ind2=" " tag="339">
		<subfield code="a">docmaintype_article</subfield>
	</datafield>
	<datafield ind1=" " ind2=" " tag="580">
		<subfield code="a">In : Gesammelte Werke = Oeuvres / Walther Ritz ; publ. par la Société suisse de physique</subfield>
	</datafield>
	<datafield ind1="1" ind2=" " tag="773">
		<subfield code="a">Ritz, Walther. -</subfield>
		<subfield code="t">Gesammelte Werke = Oeuvres</subfield>
		<subfield code="w">REROILS:2000022</subfield>
	</datafield>
	<datafield ind1="4" ind2="1" tag="856">
		<subfield code="3">onlineResourceViaRERODOC</subfield>
		<subfield code="u">http://doc.rero.ch/record/200260</subfield>
	</datafield>
	<datafield ind1=" " ind2=" " tag="900">
		<subfield code="a">noselfmerge</subfield>
	</datafield>
	<datafield ind1=" " ind2=" " tag="906">
		<subfield code="a">bibliogrvs</subfield>
	</datafield>
	<datafield ind1=" " ind2=" " tag="906">
		<subfield code="a">bvs</subfield>
	</datafield>
	<datafield ind1=" " ind2=" " tag="973">
		<subfield code="a">vsbcvs</subfield>
	</datafield>
	<datafield ind1=" " ind2=" " tag="986">
		<subfield code="2">bibvs</subfield>
		<subfield code="a">Valais - Biographie - Ritz - Walter</subfield>
	</datafield>
	<datafield ind1=" " ind2=" " tag="986">
		<subfield code="2">bibvs</subfield>
		<subfield code="a">Wallis - Biographie - Ritz - Walter</subfield>
	</datafield>
	<datafield ind1=" " ind2=" " tag="986">
		<subfield code="2">vs-bib-sys</subfield>
		<subfield code="a">1185-0185-3938-012-000</subfield>
	</datafield>
</record>