

<record>
	<leader>01142nam a2200361 a 4500</leader>
	<controlfield tag="001">REROILS:181</controlfield>
	<controlfield tag="003">RERO</controlfield>
	<controlfield tag="005">20200226151800.0</controlfield>
	<controlfield tag="008">860915s1974    gw |||||| ||||00|| |eng d</controlfield>
	<datafield ind1=" " ind2=" " tag="020">
		<subfield code="a">9783447006880</subfield>
	</datafield>
	<datafield ind1=" " ind2=" " tag="035">
		<subfield code="a">0752437</subfield>
	</datafield>
	<datafield ind1=" " ind2="9" tag="039">
		<subfield code="a">202002261518</subfield>
		<subfield code="b">AUTHORITY</subfield>
		<subfield code="c">201706101345</subfield>
		<subfield code="d">VLOAD</subfield>
		<subfield code="c">201704040923</subfield>
		<subfield code="d">VLOAD</subfield>
		<subfield code="c">201212080929</subfield>
		<subfield code="d">VLOAD</subfield>
		<subfield code="y">1999022803330000</subfield>
		<subfield code="z">load</subfield>
	</datafield>
	<datafield ind1=" " ind2=" " tag="040">
		<subfield code="a">RERO labcud</subfield>
	</datafield>
	<datafield ind1=" " ind2="7" tag="072">
		<subfield code="a">s1sm</subfield>
		<subfield code="2">rero</subfield>
	</datafield>
	<datafield ind1="1" ind2=" " tag="100">
		<subfield code="a">Rosenthal, Franz</subfield>
		<subfield code="4">cre</subfield>
		<subfield code="0">(IdRef)028563700</subfield>
	</datafield>
	<datafield ind1="1" ind2="2" tag="245">
		<subfield code="a">A grammar of biblical Aramaic /</subfield>
		<subfield code="c">by Franz Rosenthal</subfield>
	</datafield>
	<datafield ind1=" " ind2=" " tag="250">
		<subfield code="a">[4th printing]</subfield>
	</datafield>
	<datafield ind1=" " ind2="1" tag="264">
		<subfield code="a">Wiesbaden :</subfield>
		<subfield code="b">O. Harrassowitz,</subfield>
		<subfield code="c">1974</subfield>
	</datafield>
	<datafield ind1=" " ind2=" " tag="300">
		<subfield code="a">X, 99 p. ;</subfield>
		<subfield code="c">23 cm</subfield>
	</datafield>
	<datafield ind1=" " ind2=" " tag="336">
		<subfield code="b">txt</subfield>
		<subfield code="2">rdacontent</subfield>
	</datafield>
	<datafield ind1=" " ind2=" " tag="337">
		<subfield code="b">n</subfield>
		<subfield code="2">rdamedia</subfield>
	</datafield>
	<datafield ind1=" " ind2=" " tag="338">
		<subfield code="b">nc</subfield>
		<subfield code="2">rdacarrier</subfield>
	</datafield>
	<datafield ind1=" " ind2=" " tag="339">
		<subfield code="a">docmaintype_book</subfield>
		<subfield code="b">docsubtype_other_book</subfield>
	</datafield>
	<datafield ind1="1" ind2=" " tag="490">
		<subfield code="a">Porta linguarum orientalium. Neue Serie</subfield>
		<subfield code="v">5</subfield>
	</datafield>
	<datafield ind1="0" ind2="7" tag="630">
		<subfield code="a">Bible.</subfield>
		<subfield code="p">AT</subfield>
		<subfield code="2">rero</subfield>
	</datafield>
	<datafield ind1=" " ind2="7" tag="650">
		<subfield code="a">Araméen (langue)</subfield>
		<subfield code="2">rero</subfield>
	</datafield>
	<datafield ind1=" " ind2="7" tag="650">
		<subfield code="a">Grammaire</subfield>
		<subfield code="2">rero</subfield>
	</datafield>
	<datafield ind1=" " ind2="0" tag="830">
		<subfield code="a">Porta linguarum orientalium.</subfield>
		<subfield code="p">Neue Serie</subfield>
		<subfield code="v">5</subfield>
		<subfield code="w">REROILS:2000023</subfield>
	</datafield>
	<datafield ind1=" " ind2=" " tag="900">
		<subfield code="a">noselfmerge</subfield>
	</datafield>
	<datafield ind1=" " ind2=" " tag="919">
		<subfield code="9">650 _7</subfield>
		<subfield code="a">araméen (langue)</subfield>
		<subfield code="x">grammaire</subfield>
		<subfield code="x">&quot;Bible. AT&quot;</subfield>
		<subfield code="2">chrero</subfield>
	</datafield>
	<datafield ind1=" " ind2=" " tag="936">
		<subfield code="a">basmBM43403</subfield>
	</datafield>
	<datafield ind1=" " ind2=" " tag="973">
		<subfield code="a">vsbasm</subfield>
	</datafield>
	<datafield ind1=" " ind2=" " tag="986">
		<subfield code="2">cdu-vsbasm</subfield>
		<subfield code="a">22:809.2 GRA3</subfield>
	</datafield>
</record>