

<record>
	<leader>01062nam a2200349 a 4500</leader>
	<controlfield tag="001">REROILS:175</controlfield>
	<controlfield tag="003">RERO</controlfield>
	<controlfield tag="005">20210116151100.0</controlfield>
	<controlfield tag="008">110218s1993    fr ||| |  ||||00|  |fre d</controlfield>
	<datafield ind1=" " ind2=" " tag="020">
		<subfield code="a">9782277230373</subfield>
	</datafield>
	<datafield ind1=" " ind2=" " tag="035">
		<subfield code="a">R006028924</subfield>
	</datafield>
	<datafield ind1=" " ind2="9" tag="039">
		<subfield code="a">202101161511</subfield>
		<subfield code="b">VLOAD</subfield>
		<subfield code="c">202006271044</subfield>
		<subfield code="d">AUTHORITY</subfield>
		<subfield code="c">202006271043</subfield>
		<subfield code="d">AUTHORITY</subfield>
		<subfield code="c">201804031612</subfield>
		<subfield code="d">VLOAD</subfield>
		<subfield code="y">201106171527</subfield>
		<subfield code="z">VLOAD</subfield>
	</datafield>
	<datafield ind1=" " ind2=" " tag="040">
		<subfield code="a">RERO jubmda</subfield>
	</datafield>
	<datafield ind1="1" ind2=" " tag="041">
		<subfield code="a">fre</subfield>
		<subfield code="h">eng</subfield>
	</datafield>
	<datafield ind1=" " ind2="7" tag="072">
		<subfield code="a">s1an</subfield>
		<subfield code="2">rero</subfield>
	</datafield>
	<datafield ind1="1" ind2=" " tag="100">
		<subfield code="a">King, Stephen,</subfield>
		<subfield code="d">1947-</subfield>
		<subfield code="4">cre</subfield>
		<subfield code="0">(IdRef)028710355</subfield>
	</datafield>
	<datafield ind1="1" ind2="4" tag="245">
		<subfield code="a">Les trois cartes /</subfield>
		<subfield code="c">Stephen King</subfield>
	</datafield>
	<datafield ind1=" " ind2="1" tag="264">
		<subfield code="a">Paris :</subfield>
		<subfield code="b">J'ai lu,</subfield>
		<subfield code="c">1993</subfield>
	</datafield>
	<datafield ind1=" " ind2=" " tag="300">
		<subfield code="a">498 p. ;</subfield>
		<subfield code="c">17 cm</subfield>
	</datafield>
	<datafield ind1=" " ind2=" " tag="336">
		<subfield code="b">txt</subfield>
		<subfield code="2">rdacontent</subfield>
	</datafield>
	<datafield ind1=" " ind2=" " tag="337">
		<subfield code="b">n</subfield>
		<subfield code="2">rdamedia</subfield>
	</datafield>
	<datafield ind1=" " ind2=" " tag="338">
		<subfield code="b">nc</subfield>
		<subfield code="2">rdacarrier</subfield>
	</datafield>
	<datafield ind1=" " ind2=" " tag="339">
		<subfield code="a">docmaintype_book</subfield>
		<subfield code="b">docsubtype_other_book</subfield>
	</datafield>
	<datafield ind1="1" ind2=" " tag="490">
		<subfield code="a">J'ai lu. Science-fiction</subfield>
		<subfield code="v">3037</subfield>
	</datafield>
	<datafield ind1="1" ind2=" " tag="490">
		<subfield code="a">La tour sombre / Stephen King</subfield>
		<subfield code="v">2</subfield>
	</datafield>
	<datafield ind1=" " ind2="7" tag="655">
		<subfield code="a">[Fantasy]</subfield>
		<subfield code="2">rero</subfield>
	</datafield>
	<datafield ind1="1" ind2=" " tag="800">
		<subfield code="a">King, Stephen,</subfield>
		<subfield code="d">1947-. -</subfield>
		<subfield code="t">La tour sombre</subfield>
		<subfield code="v">2</subfield>
	</datafield>
	<datafield ind1=" " ind2="0" tag="830">
		<subfield code="a">J'ai lu</subfield>
		<subfield code="v">3037</subfield>
		<subfield code="w">REROILS:2000024</subfield>
	</datafield>
	<datafield ind1=" " ind2=" " tag="900">
		<subfield code="a">noselfmerge</subfield>
	</datafield>
	<datafield ind1=" " ind2=" " tag="904">
		<subfield code="a">jubmdare op36973</subfield>
	</datafield>
	<datafield ind1=" " ind2=" " tag="960">
		<subfield code="a">jubmda</subfield>
	</datafield>
	<datafield ind1=" " ind2=" " tag="984">
		<subfield code="2">jubmd</subfield>
		<subfield code="a">ROMAN D'EPOUVANTE</subfield>
		<subfield code="e">[Fiction]</subfield>
	</datafield>
</record>