

<record>
	<leader>01754nam a2200505 a 4500</leader>
	<controlfield tag="001">REROILS:196</controlfield>
	<controlfield tag="003">RERO</controlfield>
	<controlfield tag="005">20180808182400.0</controlfield>
	<controlfield tag="008">000719r19881908gw |||||| ||||00|| |lat d</controlfield>
	<datafield ind1=" " ind2=" " tag="020">
		<subfield code="a">3322004538 (vol. 1)</subfield>
	</datafield>
	<datafield ind1=" " ind2=" " tag="020">
		<subfield code="a">3322004546 (vol. 2)</subfield>
	</datafield>
	<datafield ind1="7" ind2=" " tag="024">
		<subfield code="a">http://catalogue.bnf.fr/ark:/12148/cb35000853v</subfield>
		<subfield code="2">uri</subfield>
	</datafield>
	<datafield ind1=" " ind2=" " tag="035">
		<subfield code="a">1028443</subfield>
	</datafield>
	<datafield ind1=" " ind2=" " tag="039">
		<subfield code="b">0014c</subfield>
	</datafield>
	<datafield ind1=" " ind2="9" tag="039">
		<subfield code="a">201808081824</subfield>
		<subfield code="b">VLOAD</subfield>
		<subfield code="c">201807271134</subfield>
		<subfield code="d">VLOAD</subfield>
		<subfield code="c">201807270125</subfield>
		<subfield code="d">VLOAD</subfield>
		<subfield code="c">201706102052</subfield>
		<subfield code="d">VLOAD</subfield>
		<subfield code="y">1999022810000000</subfield>
		<subfield code="z">load</subfield>
	</datafield>
	<datafield ind1=" " ind2=" " tag="040">
		<subfield code="a">RERO geulsa</subfield>
	</datafield>
	<datafield ind1=" " ind2="7" tag="072">
		<subfield code="a">s1dr</subfield>
		<subfield code="2">rero</subfield>
	</datafield>
	<datafield ind1="0" ind2="0" tag="245">
		<subfield code="a">Jurisprudentia antejustinianae reliquias :</subfield>
		<subfield code="b">in usum maxime academicum /</subfield>
		<subfield code="c">compositas a Ph. Eduardo Huschke</subfield>
	</datafield>
	<datafield ind1=" " ind2=" " tag="250">
		<subfield code="a">Ed. 6a aucta et emendata /</subfield>
		<subfield code="b">ediderunt E. Seckel et B. Kuebler</subfield>
	</datafield>
	<datafield ind1=" " ind2="1" tag="264">
		<subfield code="a">Lipsiae :</subfield>
		<subfield code="b">in aedibus B.G. Teubneri,</subfield>
		<subfield code="c">1988</subfield>
	</datafield>
	<datafield ind1=" " ind2=" " tag="300">
		<subfield code="a">2 vol. ;</subfield>
		<subfield code="c">20 cm</subfield>
	</datafield>
	<datafield ind1=" " ind2=" " tag="336">
		<subfield code="b">txt</subfield>
		<subfield code="2">rdacontent</subfield>
	</datafield>
	<datafield ind1=" " ind2=" " tag="337">
		<subfield code="b">n</subfield>
		<subfield code="2">rdamedia</subfield>
	</datafield>
	<datafield ind1=" " ind2=" " tag="338">
		<subfield code="b">nc</subfield>
		<subfield code="2">rdacarrier</subfield>
	</datafield>
	<datafield ind1=" " ind2=" " tag="339">
		<subfield code="a">docmaintype_book</subfield>
		<subfield code="b">docsubtype_other_book</subfield>
	</datafield>
	<datafield ind1="1" ind2=" " tag="490">
		<subfield code="a">Bibliotheca scriptorum Graecorum et Romanorum Teubneriana</subfield>
	</datafield>
	<datafield ind1=" " ind2=" " tag="534">
		<subfield code="p">Reprod. de l'éd. de:</subfield>
		<subfield code="c">1908-1927</subfield>
	</datafield>
	<datafield ind1=" " ind2="7" tag="650">
		<subfield code="a">Droit romain</subfield>
		<subfield code="2">rero</subfield>
	</datafield>
	<datafield ind1=" " ind2="7" tag="650">
		<subfield code="a">Jurisprudence</subfield>
		<subfield code="2">rero</subfield>
	</datafield>
	<datafield ind1=" " ind2="7" tag="655">
		<subfield code="a">[document]</subfield>
		<subfield code="2">rerovoc</subfield>
	</datafield>
	<datafield ind1="1" ind2=" " tag="700">
		<subfield code="a">Huschke, Philipp Eduard</subfield>
		<subfield code="0">(IdRef)060312149</subfield>
	</datafield>
	<datafield ind1="1" ind2=" " tag="700">
		<subfield code="a">Seckel, Emil</subfield>
		<subfield code="0">(IdRef)033405786</subfield>
	</datafield>
	<datafield ind1=" " ind2="0" tag="830">
		<subfield code="a">Bibliotheca scriptorum graecorum et romanorum teubneriana</subfield>
		<subfield code="w">REROILS:2000026</subfield>
	</datafield>
	<datafield ind1=" " ind2=" " tag="900">
		<subfield code="a">noselfmerge</subfield>
	</datafield>
	<datafield ind1=" " ind2=" " tag="919">
		<subfield code="9">650 _7</subfield>
		<subfield code="a">droit romain</subfield>
		<subfield code="v">[document]</subfield>
		<subfield code="2">chrero</subfield>
	</datafield>
	<datafield ind1=" " ind2=" " tag="919">
		<subfield code="9">650 _7</subfield>
		<subfield code="a">jurisprudence</subfield>
		<subfield code="x">* droit romain</subfield>
		<subfield code="2">chrero</subfield>
	</datafield>
	<datafield ind1=" " ind2=" " tag="956">
		<subfield code="a">frbcuc</subfield>
	</datafield>
	<datafield ind1=" " ind2=" " tag="957">
		<subfield code="a">geulsa</subfield>
	</datafield>
	<datafield ind1=" " ind2=" " tag="962">
		<subfield code="a">nebpun neubfl</subfield>
	</datafield>
	<datafield ind1=" " ind2=" " tag="982">
		<subfield code="2">ge-ulsa</subfield>
		<subfield code="a">L:I CTI 151-152</subfield>
	</datafield>
	<datafield ind1=" " ind2=" " tag="992">
		<subfield code="a">BFLA 31665</subfield>
		<subfield code="x">ge/ulsa/a/88/787</subfield>
	</datafield>
	<datafield ind1=" " ind2=" " tag="994">
		<subfield code="a">BPUN PT 660 IL/2</subfield>
		<subfield code="x">ne/bpun/a/1988/3412</subfield>
	</datafield>
</record>