

<record>
	<leader>01362ncm a2200337 a 4500</leader>
	<controlfield tag="001">REROILS:145</controlfield>
	<controlfield tag="003">RERO</controlfield>
	<controlfield tag="005">20200629025900.0</controlfield>
	<controlfield tag="008">960525m19632018gw |||||| ||||  |  |ger d</controlfield>
	<datafield ind1="2" ind2=" " tag="024">
		<subfield code="a">9790201858135</subfield>
		<subfield code="q">Kritischer Bericht</subfield>
	</datafield>
	<datafield ind1="3" ind2="2" tag="028">
		<subfield code="a">HN 5813</subfield>
		<subfield code="q">Kritischer Bericht</subfield>
	</datafield>
	<datafield ind1=" " ind2=" " tag="035">
		<subfield code="a">0383205</subfield>
	</datafield>
	<datafield ind1=" " ind2="9" tag="039">
		<subfield code="a">202006290259</subfield>
		<subfield code="b">VLOAD</subfield>
		<subfield code="c">201807311648</subfield>
		<subfield code="d">0011</subfield>
		<subfield code="c">201705160928</subfield>
		<subfield code="d">VLOAD</subfield>
		<subfield code="c">201703290848</subfield>
		<subfield code="d">VLOAD</subfield>
		<subfield code="y">1999022719050000</subfield>
		<subfield code="z">load</subfield>
	</datafield>
	<datafield ind1=" " ind2=" " tag="040">
		<subfield code="a">RERO frbcuc</subfield>
	</datafield>
	<datafield ind1=" " ind2="7" tag="072">
		<subfield code="a">s1mu</subfield>
		<subfield code="2">rero</subfield>
	</datafield>
	<datafield ind1="1" ind2=" " tag="100">
		<subfield code="a">Haydn, Joseph,</subfield>
		<subfield code="d">1732-1809</subfield>
		<subfield code="4">cre</subfield>
		<subfield code="0">(IdRef)030260868</subfield>
	</datafield>
	<datafield ind1="1" ind2="0" tag="245">
		<subfield code="a">Werke /</subfield>
		<subfield code="c">Joseph Haydn ; hrsg. vom Joseph Haydn-Institut, Köln ; unter der Leitung von Georg Feder.</subfield>
		<subfield code="n">Reihe 28, Bd. 1,</subfield>
		<subfield code="p">Il Ritorno di Tobia :</subfield>
		<subfield code="b">oratorio 1775/1784 / Joseph Haydn ; Dichtung von Giovanni Gastone Boccherini ; hrsg. von Ernst Fritz Schmid ; kristischer Bericht verf. von Friederike Mühle</subfield>
	</datafield>
	<datafield ind1=" " ind2="1" tag="264">
		<subfield code="a">München ;</subfield>
		<subfield code="a">Duisburg :</subfield>
		<subfield code="b">G. Henle,</subfield>
		<subfield code="c">1963-2018</subfield>
	</datafield>
	<datafield ind1=" " ind2=" " tag="300">
		<subfield code="a">1 partition en 2 vol. (610 p.) +</subfield>
		<subfield code="e">1 vol. de notes critiques (172 p.)</subfield>
	</datafield>
	<datafield ind1=" " ind2=" " tag="336">
		<subfield code="b">ntm</subfield>
		<subfield code="2">rdacontent</subfield>
	</datafield>
	<datafield ind1=" " ind2=" " tag="337">
		<subfield code="b">n</subfield>
		<subfield code="2">rdamedia</subfield>
	</datafield>
	<datafield ind1=" " ind2=" " tag="338">
		<subfield code="b">nc</subfield>
		<subfield code="2">rdacarrier</subfield>
	</datafield>
	<datafield ind1=" " ind2=" " tag="339">
		<subfield code="a">docmaintype_score</subfield>
		<subfield code="b">docsubtype_printed_score</subfield>
	</datafield>
	<datafield ind1=" " ind2=" " tag="500">
		<subfield code="a">[Hob. XXI : 1]</subfield>
	</datafield>
	<datafield ind1="1" ind2=" " tag="700">
		<subfield code="a">Boccherini, Giovanni Gastone</subfield>
		<subfield code="0">(IdRef)172774004</subfield>
	</datafield>
	<datafield ind1="1" ind2=" " tag="700">
		<subfield code="a">Schmid, Ernst Fritz,</subfield>
		<subfield code="d">1904-1960</subfield>
		<subfield code="0">(IdRef)067022847</subfield>
	</datafield>
	<datafield ind1="1" ind2=" " tag="700">
		<subfield code="a">Mühle, Friederike</subfield>
	</datafield>
	<datafield ind1="1" ind2=" " tag="800">
		<subfield code="a">Haydn, Joseph,</subfield>
		<subfield code="d">1732-1809. -</subfield>
		<subfield code="t">Werke</subfield>
		<subfield code="v">28,1</subfield>
	</datafield>
	<datafield ind1=" " ind2=" " tag="900">
		<subfield code="a">noselfmerge</subfield>
	</datafield>
	<datafield ind1=" " ind2=" " tag="956">
		<subfield code="a">frbcuc</subfield>
	</datafield>
</record>