

<record>
	<leader>01429ngm a2200397 a 4500</leader>
	<controlfield tag="001">REROILS:256</controlfield>
	<controlfield tag="003">RERO</controlfield>
	<controlfield tag="005">20170530151400.0</controlfield>
	<controlfield tag="007">v|</controlfield>
	<controlfield tag="008">110623s2011    fr ||| |  ||||| |  |fre d</controlfield>
	<datafield ind1="4" ind2="2" tag="028">
		<subfield code="a">008394</subfield>
	</datafield>
	<datafield ind1=" " ind2=" " tag="035">
		<subfield code="a">R006084129</subfield>
	</datafield>
	<datafield ind1=" " ind2="9" tag="039">
		<subfield code="a">201705301514</subfield>
		<subfield code="b">VLOAD</subfield>
		<subfield code="c">201601061635</subfield>
		<subfield code="d">VLOAD</subfield>
		<subfield code="c">201307171843</subfield>
		<subfield code="d">VLOAD</subfield>
		<subfield code="c">201203111000</subfield>
		<subfield code="d">VLOAD</subfield>
		<subfield code="y">201106230943</subfield>
		<subfield code="z">8040</subfield>
	</datafield>
	<datafield ind1=" " ind2=" " tag="040">
		<subfield code="a">RERO labcud</subfield>
	</datafield>
	<datafield ind1=" " ind2="7" tag="072">
		<subfield code="a">s1ba</subfield>
		<subfield code="2">rero</subfield>
	</datafield>
	<datafield ind1="0" ind2="0" tag="245">
		<subfield code="a">Sans queue ni tête /</subfield>
		<subfield code="c">un film de Jeanne Labrune ; scénario Jeanne Labrune ... [et al.] ; musique originale André Mergenthaler</subfield>
	</datafield>
	<datafield ind1=" " ind2="1" tag="264">
		<subfield code="a">[Lieu de publication non identifié] :</subfield>
		<subfield code="b">Rezo films,</subfield>
		<subfield code="c">[2011]</subfield>
	</datafield>
	<datafield ind1=" " ind2=" " tag="300">
		<subfield code="a">1 DVD-vidéo</subfield>
	</datafield>
	<datafield ind1=" " ind2=" " tag="336">
		<subfield code="b">tdi</subfield>
		<subfield code="2">rdacontent</subfield>
	</datafield>
	<datafield ind1=" " ind2=" " tag="337">
		<subfield code="b">v</subfield>
		<subfield code="2">rdamedia</subfield>
	</datafield>
	<datafield ind1=" " ind2=" " tag="338">
		<subfield code="b">vd</subfield>
		<subfield code="2">rdacarrier</subfield>
	</datafield>
	<datafield ind1=" " ind2=" " tag="339">
		<subfield code="a">docmaintype_movie_series</subfield>
		<subfield code="b">docsubtype_movie</subfield>
	</datafield>
	<datafield ind1=" " ind2=" " tag="500">
		<subfield code="a">Une coprod.: Liaison Cinématographique / Samsa Film, 2010</subfield>
	</datafield>
	<datafield ind1=" " ind2=" " tag="500">
		<subfield code="a">Durée du film: 92 min.</subfield>
	</datafield>
	<datafield ind1="0" ind2=" " tag="511">
		<subfield code="a">Isabelle Huppert ; Bouli Lanners ; Richard Debuisne ; Sabila Moussadek ... et al.</subfield>
	</datafield>
	<datafield ind1="8" ind2=" " tag="520">
		<subfield code="a">Comédie</subfield>
		<subfield code="9">vsbcvs/12.2015</subfield>
	</datafield>
	<datafield ind1="1" ind2=" " tag="700">
		<subfield code="a">Labrune, Jeanne</subfield>
	</datafield>
	<datafield ind1="1" ind2=" " tag="700">
		<subfield code="a">Mergenthaler, André</subfield>
		<subfield code="0">(IdRef)174111819</subfield>
	</datafield>
	<datafield ind1=" " ind2=" " tag="900">
		<subfield code="a">noselfmerge</subfield>
	</datafield>
	<datafield ind1=" " ind2=" " tag="906">
		<subfield code="a">bcvs</subfield>
		<subfield code="b">2012/02</subfield>
		<subfield code="c">20</subfield>
	</datafield>
	<datafield ind1=" " ind2=" " tag="906">
		<subfield code="a">vsdvd</subfield>
	</datafield>
	<datafield ind1=" " ind2=" " tag="962">
		<subfield code="a">nelocl</subfield>
	</datafield>
	<datafield ind1=" " ind2=" " tag="973">
		<subfield code="a">vsbcvs</subfield>
	</datafield>
	<datafield ind1=" " ind2=" " tag="986">
		<subfield code="2">vs-pratdvd</subfield>
		<subfield code="a">SANS</subfield>
	</datafield>
	<datafield ind1=" " ind2=" " tag="994">
		<subfield code="a">LOV DVD SANS</subfield>
		<subfield code="x">--</subfield>
	</datafield>
</record>