

<record>
	<leader>00830naa a22002537a 4500</leader>
	<controlfield tag="001">REROILS:240</controlfield>
	<controlfield tag="003">RERO</controlfield>
	<controlfield tag="005">20170518131900.0</controlfield>
	<controlfield tag="008">980412s1984    xx ||| |  ||||00|  0eng d</controlfield>
	<datafield ind1=" " ind2=" " tag="035">
		<subfield code="a">R003444421</subfield>
	</datafield>
	<datafield ind1=" " ind2="9" tag="039">
		<subfield code="a">201705181319</subfield>
		<subfield code="b">VLOAD</subfield>
		<subfield code="c">201605141124</subfield>
		<subfield code="d">VLOAD</subfield>
		<subfield code="c">201210191805</subfield>
		<subfield code="d">VLOAD</subfield>
		<subfield code="c">201112192202</subfield>
		<subfield code="d">VLOAD</subfield>
		<subfield code="y">200506232312</subfield>
		<subfield code="z">VLOAD</subfield>
	</datafield>
	<datafield ind1=" " ind2=" " tag="040">
		<subfield code="a">RERO gewcc-</subfield>
	</datafield>
	<datafield ind1=" " ind2="7" tag="072">
		<subfield code="a">s1th</subfield>
		<subfield code="2">rero</subfield>
	</datafield>
	<datafield ind1="1" ind2=" " tag="100">
		<subfield code="a">Kinnamon, Michael</subfield>
		<subfield code="4">cre</subfield>
		<subfield code="0">(IdRef)035216999</subfield>
	</datafield>
	<datafield ind1="1" ind2="0" tag="245">
		<subfield code="a">Growing together towards the unity of the Church /</subfield>
		<subfield code="c">Michael K. Kinnamon</subfield>
	</datafield>
	<datafield ind1=" " ind2="1" tag="264">
		<subfield code="c">1984</subfield>
	</datafield>
	<datafield ind1=" " ind2=" " tag="336">
		<subfield code="b">txt</subfield>
		<subfield code="2">rdacontent</subfield>
	</datafield>
	<datafield ind1=" " ind2=" " tag="337">
		<subfield code="b">n</subfield>
		<subfield code="2">rdamedia</subfield>
	</datafield>
	<datafield ind1=" " ind2=" " tag="338">
		<subfield code="b">nc</subfield>
		<subfield code="2">rdacarrier</subfield>
	</datafield>
	<datafield ind1=" " ind2=" " tag="339">
		<subfield code="a">docmaintype_article</subfield>
	</datafield>
	<datafield ind1=" " ind2=" " tag="580">
		<subfield code="a">In: Mid-stream ; v. 23 (1984) p. 189-200</subfield>
	</datafield>
	<datafield ind1="1" ind2=" " tag="773">
		<subfield code="t">Mid-stream : an ecumenical journal</subfield>
		<subfield code="g">v. 23 (1984) p. 189-200</subfield>
		<subfield code="w">REROILS:22</subfield>
	</datafield>
	<datafield ind1=" " ind2=" " tag="957">
		<subfield code="a">gewcc-</subfield>
	</datafield>
	<datafield ind1=" " ind2=" " tag="982">
		<subfield code="2">wccsh</subfield>
		<subfield code="a">Wcc</subfield>
		<subfield code="d">Faith and Order</subfield>
	</datafield>
</record>