

<record>
	<leader>01369nam a22004332a 4500</leader>
	<controlfield tag="001">REROILS:165</controlfield>
	<controlfield tag="003">RERO</controlfield>
	<controlfield tag="005">20190725183600.0</controlfield>
	<controlfield tag="008">110218s2000    be ||| |  ||||00|  |fre d</controlfield>
	<datafield ind1=" " ind2=" " tag="019">
		<subfield code="a">Notice créée dans le cadre de la migration de la BM Delémont</subfield>
		<subfield code="9">jubmdj/04.2011</subfield>
	</datafield>
	<datafield ind1=" " ind2=" " tag="020">
		<subfield code="a">9782203150324</subfield>
	</datafield>
	<datafield ind1="7" ind2=" " tag="024">
		<subfield code="a">http://catalogue.bnf.fr/ark:/12148/cb371026715</subfield>
		<subfield code="2">uri</subfield>
	</datafield>
	<datafield ind1=" " ind2=" " tag="035">
		<subfield code="a">R006031524</subfield>
	</datafield>
	<datafield ind1=" " ind2="9" tag="039">
		<subfield code="a">201907251836</subfield>
		<subfield code="b">VLOAD</subfield>
		<subfield code="c">201804031630</subfield>
		<subfield code="d">VLOAD</subfield>
		<subfield code="c">201707201512</subfield>
		<subfield code="d">1012</subfield>
		<subfield code="c">201705301331</subfield>
		<subfield code="d">VLOAD</subfield>
		<subfield code="y">201106171541</subfield>
		<subfield code="z">VLOAD</subfield>
	</datafield>
	<datafield ind1=" " ind2=" " tag="040">
		<subfield code="a">RERO jubmdj</subfield>
	</datafield>
	<datafield ind1=" " ind2="7" tag="072">
		<subfield code="a">s1zz</subfield>
		<subfield code="2">rero</subfield>
	</datafield>
	<datafield ind1="1" ind2=" " tag="100">
		<subfield code="a">Rosamel, Godeleine de</subfield>
		<subfield code="4">cre</subfield>
		<subfield code="0">(IdRef)032104561</subfield>
	</datafield>
	<datafield ind1="1" ind2="0" tag="245">
		<subfield code="a">Dessine avec tes empreintes /</subfield>
		<subfield code="c">Godeleine de Rosamel</subfield>
	</datafield>
	<datafield ind1=" " ind2="1" tag="264">
		<subfield code="a">Tournai :</subfield>
		<subfield code="b">Casterman,</subfield>
		<subfield code="c">2000</subfield>
	</datafield>
	<datafield ind1=" " ind2=" " tag="300">
		<subfield code="a">28 p. :</subfield>
		<subfield code="b">ill. ;</subfield>
		<subfield code="c">28 cm</subfield>
	</datafield>
	<datafield ind1=" " ind2=" " tag="336">
		<subfield code="b">txt</subfield>
		<subfield code="2">rdacontent</subfield>
	</datafield>
	<datafield ind1=" " ind2=" " tag="337">
		<subfield code="b">n</subfield>
		<subfield code="2">rdamedia</subfield>
	</datafield>
	<datafield ind1=" " ind2=" " tag="338">
		<subfield code="b">nc</subfield>
		<subfield code="2">rdacarrier</subfield>
	</datafield>
	<datafield ind1=" " ind2=" " tag="339">
		<subfield code="a">docmaintype_book</subfield>
		<subfield code="b">docsubtype_other_book</subfield>
	</datafield>
	<datafield ind1="0" ind2=" " tag="490">
		<subfield code="a">Activités. Dessine</subfield>
	</datafield>
	<datafield ind1=" " ind2=" " tag="521">
		<subfield code="a">Enfants (9-12 ans)</subfield>
		<subfield code="9">vschab/07.2015</subfield>
	</datafield>
	<datafield ind1=" " ind2=" " tag="521">
		<subfield code="a">Enfants (6-9 ans)</subfield>
		<subfield code="9">vsbcvs/09.2015</subfield>
	</datafield>
	<datafield ind1=" " ind2=" " tag="900">
		<subfield code="a">noselfmerge</subfield>
	</datafield>
	<datafield ind1=" " ind2=" " tag="904">
		<subfield code="a">jubmdjre op103475</subfield>
	</datafield>
	<datafield ind1=" " ind2=" " tag="919">
		<subfield code="a">DESSIN</subfield>
		<subfield code="x">Enfant</subfield>
		<subfield code="2">choix</subfield>
	</datafield>
	<datafield ind1=" " ind2=" " tag="919">
		<subfield code="a">EMPREINTE</subfield>
		<subfield code="2">choix</subfield>
	</datafield>
	<datafield ind1=" " ind2=" " tag="919">
		<subfield code="a">PEDAGOGIE</subfield>
		<subfield code="x">Méthode</subfield>
		<subfield code="2">choix</subfield>
	</datafield>
	<datafield ind1=" " ind2=" " tag="919">
		<subfield code="a">dessin</subfield>
		<subfield code="2">vschab</subfield>
	</datafield>
	<datafield ind1=" " ind2=" " tag="960">
		<subfield code="a">jubmdj</subfield>
	</datafield>
	<datafield ind1=" " ind2=" " tag="973">
		<subfield code="a">vsbcvs vscoll</subfield>
	</datafield>
	<datafield ind1=" " ind2=" " tag="984">
		<subfield code="2">jubmd</subfield>
		<subfield code="a">682</subfield>
	</datafield>
	<datafield ind1=" " ind2=" " tag="984">
		<subfield code="2">jubmd</subfield>
		<subfield code="a">DESSIN</subfield>
	</datafield>
	<datafield ind1=" " ind2=" " tag="986">
		<subfield code="2">cdu-vssibj</subfield>
		<subfield code="a">741</subfield>
	</datafield>
	<datafield ind1=" " ind2=" " tag="986">
		<subfield code="2">cdu-vscoll</subfield>
		<subfield code="a">741</subfield>
	</datafield>
</record>