

<record>
	<leader>01291nam a22003492a 4500</leader>
	<controlfield tag="001">REROILS:53</controlfield>
	<controlfield tag="003">RERO</controlfield>
	<controlfield tag="005">20200528113200.0</controlfield>
	<controlfield tag="008">160318s2015    gw ||| |  ||||00|  |ger d</controlfield>
	<datafield ind1=" " ind2=" " tag="019">
		<subfield code="b">SOMACQ</subfield>
		<subfield code="9">frbcuc/06.2017</subfield>
	</datafield>
	<datafield ind1=" " ind2=" " tag="020">
		<subfield code="a">9783825243418</subfield>
	</datafield>
	<datafield ind1=" " ind2=" " tag="035">
		<subfield code="a">R008391622</subfield>
	</datafield>
	<datafield ind1=" " ind2="9" tag="039">
		<subfield code="a">202005281132</subfield>
		<subfield code="b">0123</subfield>
		<subfield code="c">202001201745</subfield>
		<subfield code="d">VLOAD</subfield>
		<subfield code="c">201905161533</subfield>
		<subfield code="d">7385</subfield>
		<subfield code="c">201706221718</subfield>
		<subfield code="d">0123</subfield>
		<subfield code="y">201603181344</subfield>
		<subfield code="z">7374</subfield>
	</datafield>
	<datafield ind1=" " ind2=" " tag="040">
		<subfield code="a">GWDNB</subfield>
		<subfield code="d">SzZuIDS BS/BE B418</subfield>
		<subfield code="d">RERO geulal</subfield>
	</datafield>
	<datafield ind1=" " ind2="7" tag="072">
		<subfield code="a">s1lg</subfield>
		<subfield code="2">rero</subfield>
	</datafield>
	<datafield ind1="1" ind2=" " tag="100">
		<subfield code="a">Topalović, Elvira [VNV]</subfield>
		<subfield code="4">cre</subfield>
	</datafield>
	<datafield ind1="1" ind2="0" tag="245">
		<subfield code="a">Spracherwerb und Schule :</subfield>
		<subfield code="b">eine Einführung in die Mehrsprachigkeit /</subfield>
		<subfield code="c">Elvira Topalović</subfield>
	</datafield>
	<datafield ind1=" " ind2="1" tag="264">
		<subfield code="a">Tübingen :</subfield>
		<subfield code="b">UTB,</subfield>
		<subfield code="c">2015</subfield>
	</datafield>
	<datafield ind1=" " ind2=" " tag="300">
		<subfield code="a">250 S. :</subfield>
		<subfield code="b">35 schw.-w. Ill., 20 schw.-w. Tab</subfield>
	</datafield>
	<datafield ind1=" " ind2=" " tag="336">
		<subfield code="b">txt</subfield>
		<subfield code="2">rdacontent</subfield>
	</datafield>
	<datafield ind1=" " ind2=" " tag="337">
		<subfield code="b">n</subfield>
		<subfield code="2">rdamedia</subfield>
	</datafield>
	<datafield ind1=" " ind2=" " tag="338">
		<subfield code="b">nc</subfield>
		<subfield code="2">rdacarrier</subfield>
	</datafield>
	<datafield ind1=" " ind2=" " tag="339">
		<subfield code="a">docmaintype_book</subfield>
		<subfield code="b">docsubtype_other_book</subfield>
	</datafield>
	<datafield ind1=" " ind2="1" tag="900">
		<subfield code="a">IDS-BSBE</subfield>
		<subfield code="b">20160318</subfield>
		<subfield code="c">Droits réservés</subfield>
	</datafield>
	<datafield ind1=" " ind2=" " tag="900">
		<subfield code="a">noselfmerge</subfield>
	</datafield>
	<datafield ind1=" " ind2=" " tag="919">
		<subfield code="a">(Produktform)Paperback / softback</subfield>
	</datafield>
	<datafield ind1=" " ind2=" " tag="919">
		<subfield code="a">(VLB-WN)2561: Taschenbuch / Allgemeine und Vergleichende Sprachwissenschaft</subfield>
	</datafield>
	<datafield ind1=" " ind2=" " tag="919">
		<subfield code="a">(Zielgruppe)Sprach-/Literaturwissenschaften, Schulpädagogik, Lehrkräfte für Deutsch als Zweit- und als Fremdsprache</subfield>
	</datafield>
	<datafield ind1=" " ind2=" " tag="919">
		<subfield code="a">Mehrsprachigkeit</subfield>
	</datafield>
	<datafield ind1=" " ind2=" " tag="919">
		<subfield code="a">Spracherwerb</subfield>
	</datafield>
	<datafield ind1=" " ind2=" " tag="930">
		<subfield code="a">(IDS-BSBE) 006354604</subfield>
	</datafield>
	<datafield ind1=" " ind2=" " tag="956">
		<subfield code="a">frbcuc</subfield>
	</datafield>
</record>