

<record>
	<leader>01296nam a2200373 a 4500</leader>
	<controlfield tag="001">REROILS:56</controlfield>
	<controlfield tag="003">RERO</controlfield>
	<controlfield tag="005">20181122175300.0</controlfield>
	<controlfield tag="008">900814s1990    sz ||| |  ||||00|| |eng d</controlfield>
	<datafield ind1=" " ind2=" " tag="035">
		<subfield code="a">1276739</subfield>
	</datafield>
	<datafield ind1=" " ind2="7" tag="039">
		<subfield code="b">6209</subfield>
	</datafield>
	<datafield ind1=" " ind2="9" tag="039">
		<subfield code="a">201811221753</subfield>
		<subfield code="b">VLOAD</subfield>
		<subfield code="c">201808261054</subfield>
		<subfield code="d">VLOAD</subfield>
		<subfield code="c">201807021410</subfield>
		<subfield code="d">VLOAD</subfield>
		<subfield code="c">201711251139</subfield>
		<subfield code="d">VLOAD</subfield>
		<subfield code="y">1999022815490000</subfield>
		<subfield code="z">load</subfield>
	</datafield>
	<datafield ind1=" " ind2=" " tag="040">
		<subfield code="a">RERO gecaeg</subfield>
	</datafield>
	<datafield ind1=" " ind2=" " tag="044">
		<subfield code="a">sz</subfield>
		<subfield code="c">ch-ge</subfield>
	</datafield>
	<datafield ind1=" " ind2="7" tag="072">
		<subfield code="a">s1ba</subfield>
		<subfield code="2">rero</subfield>
	</datafield>
	<datafield ind1="0" ind2="0" tag="245">
		<subfield code="a">Highly important snuff boxes :</subfield>
		<subfield code="b">the property of the British Rail Pension Fund : Sotheby's, Geneva, 15 May 1990</subfield>
	</datafield>
	<datafield ind1=" " ind2="1" tag="264">
		<subfield code="a">Geneva :</subfield>
		<subfield code="b">Sotheby's,</subfield>
		<subfield code="c">1990</subfield>
	</datafield>
	<datafield ind1=" " ind2=" " tag="300">
		<subfield code="a">99 p. :</subfield>
		<subfield code="b">ill. en noir et en coul. ;</subfield>
		<subfield code="c">28 cm</subfield>
	</datafield>
	<datafield ind1=" " ind2=" " tag="336">
		<subfield code="b">txt</subfield>
		<subfield code="2">rdacontent</subfield>
	</datafield>
	<datafield ind1=" " ind2=" " tag="337">
		<subfield code="b">n</subfield>
		<subfield code="2">rdamedia</subfield>
	</datafield>
	<datafield ind1=" " ind2=" " tag="338">
		<subfield code="b">nc</subfield>
		<subfield code="2">rdacarrier</subfield>
	</datafield>
	<datafield ind1=" " ind2=" " tag="339">
		<subfield code="a">docmaintype_book</subfield>
		<subfield code="b">docsubtype_other_book</subfield>
	</datafield>
	<datafield ind1=" " ind2=" " tag="500">
		<subfield code="a">Code de vente: &quot;ANCHISES&quot;</subfield>
	</datafield>
	<datafield ind1=" " ind2=" " tag="500">
		<subfield code="a">Vente. Sotheby's (Genève ; 1990/05/15)</subfield>
	</datafield>
	<datafield ind1=" " ind2=" " tag="504">
		<subfield code="a">Bibliogr.: p. 100-101</subfield>
	</datafield>
	<datafield ind1="2" ind2="7" tag="610">
		<subfield code="a">British Rail Pension Fund (Grande-Bretagne)</subfield>
		<subfield code="2">rero</subfield>
		<subfield code="0">(IdRef)204515998</subfield>
	</datafield>
	<datafield ind1=" " ind2="7" tag="650">
		<subfield code="a">Tabatières</subfield>
		<subfield code="2">rero</subfield>
	</datafield>
	<datafield ind1=" " ind2="7" tag="655">
		<subfield code="a">[Catalogues de vente]</subfield>
		<subfield code="2">rero</subfield>
	</datafield>
	<datafield ind1=" " ind2=" " tag="900">
		<subfield code="a">noselfmerge</subfield>
	</datafield>
	<datafield ind1=" " ind2=" " tag="902">
		<subfield code="a">gevbaa</subfield>
		<subfield code="b">2002/12</subfield>
		<subfield code="c">516</subfield>
	</datafield>
	<datafield ind1=" " ind2=" " tag="902">
		<subfield code="a">gedoc</subfield>
	</datafield>
	<datafield ind1=" " ind2=" " tag="919">
		<subfield code="9">650 _7</subfield>
		<subfield code="a">tabatière</subfield>
		<subfield code="x">British Rail Pension Fund (Grande-Bretagne)</subfield>
		<subfield code="v">[catalogue de vente]</subfield>
		<subfield code="2">chrero</subfield>
	</datafield>
	<datafield ind1=" " ind2=" " tag="957">
		<subfield code="a">gecaeg gevbaa</subfield>
	</datafield>
	<datafield ind1=" " ind2=" " tag="992">
		<subfield code="a">AEG B 720</subfield>
		<subfield code="x">ge/caeg/d/90/230</subfield>
	</datafield>
</record>