

<record>
	<leader>01579nam a2200469 a 4500</leader>
	<controlfield tag="001">REROILS:112</controlfield>
	<controlfield tag="003">RERO</controlfield>
	<controlfield tag="005">20200213111900.0</controlfield>
	<controlfield tag="008">110726s2011    gw ||| |  ||||00|  |ger d</controlfield>
	<datafield ind1=" " ind2=" " tag="020">
		<subfield code="a">9783867021401</subfield>
	</datafield>
	<datafield ind1=" " ind2=" " tag="035">
		<subfield code="a">R006112427</subfield>
	</datafield>
	<datafield ind1=" " ind2="9" tag="039">
		<subfield code="a">202002131119</subfield>
		<subfield code="b">0536</subfield>
		<subfield code="c">201705301710</subfield>
		<subfield code="d">VLOAD</subfield>
		<subfield code="c">201605161005</subfield>
		<subfield code="d">VLOAD</subfield>
		<subfield code="c">201502081232</subfield>
		<subfield code="d">VLOAD</subfield>
		<subfield code="y">201107261500</subfield>
		<subfield code="z">0541</subfield>
	</datafield>
	<datafield ind1=" " ind2=" " tag="040">
		<subfield code="a">SzZuIDS BS/BE A331</subfield>
		<subfield code="d">SzZuIDS NEBIS FHNW-PH-B</subfield>
		<subfield code="d">RERO frvhep</subfield>
	</datafield>
	<datafield ind1=" " ind2="7" tag="072">
		<subfield code="a">s1td</subfield>
		<subfield code="2">rero</subfield>
	</datafield>
	<datafield ind1="1" ind2=" " tag="100">
		<subfield code="a">Friedl, Johanna,</subfield>
		<subfield code="d">1964-</subfield>
		<subfield code="4">cre</subfield>
	</datafield>
	<datafield ind1="1" ind2="0" tag="245">
		<subfield code="a">Alles hat Hand und Fuss :</subfield>
		<subfield code="b">Spiele zur Förderung der Motorik, Koordinations- und Wahrnehmungsfähigkeit für Kinder von 0 bis 8 Jahren /</subfield>
		<subfield code="c">Johanna Friedl ; Ill. von Susanne Krauss</subfield>
	</datafield>
	<datafield ind1=" " ind2="1" tag="264">
		<subfield code="a">Münster :</subfield>
		<subfield code="b">Ökotopia,</subfield>
		<subfield code="c">2011</subfield>
	</datafield>
	<datafield ind1=" " ind2=" " tag="300">
		<subfield code="a">123 S. :</subfield>
		<subfield code="b">Ill.</subfield>
	</datafield>
	<datafield ind1=" " ind2=" " tag="336">
		<subfield code="b">txt</subfield>
		<subfield code="2">rdacontent</subfield>
	</datafield>
	<datafield ind1=" " ind2=" " tag="337">
		<subfield code="b">n</subfield>
		<subfield code="2">rdamedia</subfield>
	</datafield>
	<datafield ind1=" " ind2=" " tag="338">
		<subfield code="b">nc</subfield>
		<subfield code="2">rdacarrier</subfield>
	</datafield>
	<datafield ind1=" " ind2=" " tag="339">
		<subfield code="a">docmaintype_book</subfield>
		<subfield code="b">docsubtype_other_book</subfield>
	</datafield>
	<datafield ind1=" " ind2=" " tag="521">
		<subfield code="a">Kindergarten</subfield>
		<subfield code="9">frvhep/07.2011</subfield>
	</datafield>
	<datafield ind1=" " ind2=" " tag="521">
		<subfield code="a">Primarschule (1.-2. Kl.)</subfield>
		<subfield code="9">frvhep/07.2011</subfield>
		<subfield code="9">rero/05.2014</subfield>
	</datafield>
	<datafield ind1="1" ind2=" " tag="700">
		<subfield code="a">Krauss, Susanne</subfield>
		<subfield code="0">(IdRef)080115942</subfield>
	</datafield>
	<datafield ind1=" " ind2="1" tag="900">
		<subfield code="a">NEBIS</subfield>
		<subfield code="b">20110726</subfield>
		<subfield code="c">Droits réservés</subfield>
	</datafield>
	<datafield ind1=" " ind2=" " tag="900">
		<subfield code="a">noselfmerge</subfield>
	</datafield>
	<datafield ind1=" " ind2=" " tag="906">
		<subfield code="a">brod</subfield>
	</datafield>
	<datafield ind1=" " ind2=" " tag="906">
		<subfield code="a">bcvs</subfield>
		<subfield code="b">2012/01</subfield>
		<subfield code="c">24</subfield>
	</datafield>
	<datafield ind1=" " ind2=" " tag="919">
		<subfield code="a">Bewegungserziehung</subfield>
		<subfield code="2">nebis E8</subfield>
	</datafield>
	<datafield ind1=" " ind2=" " tag="919">
		<subfield code="a">Motorik</subfield>
		<subfield code="2">nebis E8</subfield>
	</datafield>
	<datafield ind1=" " ind2=" " tag="919">
		<subfield code="a">Spiel</subfield>
		<subfield code="2">nebis E8</subfield>
	</datafield>
	<datafield ind1=" " ind2=" " tag="919">
		<subfield code="a">Wahrnehmungsspiel</subfield>
		<subfield code="2">nebis E8</subfield>
	</datafield>
	<datafield ind1=" " ind2=" " tag="956">
		<subfield code="a">frvhep</subfield>
	</datafield>
	<datafield ind1=" " ind2=" " tag="973">
		<subfield code="a">vsbrod</subfield>
	</datafield>
	<datafield ind1=" " ind2=" " tag="986">
		<subfield code="2">cdu-vsbrod</subfield>
		<subfield code="a">159.93</subfield>
	</datafield>
</record>