

<record>
	<leader>01785nam a2200481 a 4500</leader>
	<controlfield tag="001">REROILS:10</controlfield>
	<controlfield tag="003">RERO</controlfield>
	<controlfield tag="005">20200710200700.0</controlfield>
	<controlfield tag="008">000926s1999    it |||||| ||||00|  |ita d</controlfield>
	<datafield ind1=" " ind2=" " tag="020">
		<subfield code="a">9788830708235</subfield>
	</datafield>
	<datafield ind1=" " ind2=" " tag="035">
		<subfield code="a">R267742060</subfield>
	</datafield>
	<datafield ind1=" " ind2=" " tag="039">
		<subfield code="b">0003</subfield>
		<subfield code="b">0113i</subfield>
		<subfield code="b">9500</subfield>
	</datafield>
	<datafield ind1=" " ind2="9" tag="039">
		<subfield code="a">202007102007</subfield>
		<subfield code="b">VLOAD</subfield>
		<subfield code="c">201909052002</subfield>
		<subfield code="d">VLOAD</subfield>
		<subfield code="c">201808281132</subfield>
		<subfield code="d">VLOAD</subfield>
		<subfield code="c">201706111127</subfield>
		<subfield code="d">VLOAD</subfield>
		<subfield code="y">200009261315</subfield>
		<subfield code="z">VLOAD</subfield>
	</datafield>
	<datafield ind1=" " ind2=" " tag="040">
		<subfield code="a">RERO frbcuc</subfield>
	</datafield>
	<datafield ind1=" " ind2="7" tag="072">
		<subfield code="a">s1th</subfield>
		<subfield code="2">rero</subfield>
	</datafield>
	<datafield ind1="1" ind2=" " tag="100">
		<subfield code="a">Morali, Ilaria</subfield>
		<subfield code="4">cre</subfield>
		<subfield code="0">(IdRef)074180304</subfield>
	</datafield>
	<datafield ind1="1" ind2="3" tag="245">
		<subfield code="a">La salvezza dei non cristiani :</subfield>
		<subfield code="b">l'influsso di Henri de Lubac sulla dottrina del Vaticano II /</subfield>
		<subfield code="c">Ilaria Morali</subfield>
	</datafield>
	<datafield ind1=" " ind2="1" tag="264">
		<subfield code="a">Bologna :</subfield>
		<subfield code="b">E.M.I.,</subfield>
		<subfield code="c">1999</subfield>
	</datafield>
	<datafield ind1=" " ind2=" " tag="300">
		<subfield code="a">364 p. ;</subfield>
		<subfield code="c">21 cm</subfield>
	</datafield>
	<datafield ind1=" " ind2=" " tag="336">
		<subfield code="b">txt</subfield>
		<subfield code="2">rdacontent</subfield>
	</datafield>
	<datafield ind1=" " ind2=" " tag="337">
		<subfield code="b">n</subfield>
		<subfield code="2">rdamedia</subfield>
	</datafield>
	<datafield ind1=" " ind2=" " tag="338">
		<subfield code="b">nc</subfield>
		<subfield code="2">rdacarrier</subfield>
	</datafield>
	<datafield ind1=" " ind2=" " tag="339">
		<subfield code="a">docmaintype_book</subfield>
		<subfield code="b">docsubtype_other_book</subfield>
	</datafield>
	<datafield ind1="1" ind2=" " tag="490">
		<subfield code="a">La missione. Sezione teologica</subfield>
	</datafield>
	<datafield ind1="1" ind2="7" tag="600">
		<subfield code="a">Lubac, Henri de</subfield>
		<subfield code="c">(cardinal) - influence exercée</subfield>
		<subfield code="2">rero</subfield>
	</datafield>
	<datafield ind1="2" ind2="0" tag="611">
		<subfield code="a">Vatican Council</subfield>
		<subfield code="n">(2nd :</subfield>
		<subfield code="d">1962-1965)</subfield>
	</datafield>
	<datafield ind1="2" ind2="7" tag="611">
		<subfield code="a">Concile de Vatican 2</subfield>
		<subfield code="d">(1962-1965) - influence reçue</subfield>
		<subfield code="2">rero</subfield>
	</datafield>
	<datafield ind1=" " ind2="0" tag="650">
		<subfield code="a">Universalism</subfield>
	</datafield>
	<datafield ind1=" " ind2="7" tag="650">
		<subfield code="a">Christianisme</subfield>
		<subfield code="2">rero</subfield>
	</datafield>
	<datafield ind1=" " ind2="7" tag="650">
		<subfield code="a">non-chrétien</subfield>
		<subfield code="2">rerovoc</subfield>
	</datafield>
	<datafield ind1=" " ind2="7" tag="650">
		<subfield code="a">Salut</subfield>
		<subfield code="2">rero</subfield>
	</datafield>
	<datafield ind1=" " ind2="3" tag="830">
		<subfield code="a">La missione</subfield>
		<subfield code="w">REROILS:167</subfield>
	</datafield>
	<datafield ind1=" " ind2=" " tag="900">
		<subfield code="a">noselfmerge</subfield>
	</datafield>
	<datafield ind1=" " ind2=" " tag="919">
		<subfield code="9">650 _7</subfield>
		<subfield code="a">christianisme</subfield>
		<subfield code="x">non-chrétien</subfield>
		<subfield code="x">salut (théologie)</subfield>
		<subfield code="2">chrero</subfield>
	</datafield>
	<datafield ind1=" " ind2=" " tag="919">
		<subfield code="9">650 _7</subfield>
		<subfield code="a">salut (théologie)</subfield>
		<subfield code="x">Lubac, Henri de (cardinal) - influence exercée</subfield>
		<subfield code="x">Concile de Vatican 2 (1962-1965) - influence reçue</subfield>
		<subfield code="2">chrero</subfield>
	</datafield>
	<datafield ind1=" " ind2=" " tag="956">
		<subfield code="a">frbcuc</subfield>
	</datafield>
	<datafield ind1=" " ind2=" " tag="957">
		<subfield code="a">gewcc-</subfield>
	</datafield>
	<datafield ind1=" " ind2=" " tag="982">
		<subfield code="2">wccsh</subfield>
		<subfield code="a">Christianity and other religions</subfield>
		<subfield code="e">[LCSH]</subfield>
	</datafield>
	<datafield ind1=" " ind2=" " tag="982">
		<subfield code="2">wccsh</subfield>
		<subfield code="a">Universalism</subfield>
		<subfield code="e">[LCSH]</subfield>
	</datafield>
	<datafield ind1=" " ind2=" " tag="982">
		<subfield code="2">wccsh</subfield>
		<subfield code="a">Vatican Council (2nd : 1962-1965)</subfield>
		<subfield code="e">[LCSH]</subfield>
	</datafield>
	<datafield ind1=" " ind2=" " tag="982">
		<subfield code="2">wccsh</subfield>
		<subfield code="a">Roman Catholic Church</subfield>
	</datafield>
	<datafield ind1=" " ind2=" " tag="982">
		<subfield code="2">wccsh</subfield>
		<subfield code="a">Lubac, Henri de</subfield>
	</datafield>
	<datafield ind1=" " ind2=" " tag="982">
		<subfield code="2">dew-gewcc</subfield>
		<subfield code="a">234 M792s</subfield>
	</datafield>
</record>