

<record>
	<leader>03455nam a2200517 a 4500</leader>
	<controlfield tag="001">REROILS:261</controlfield>
	<controlfield tag="003">RERO</controlfield>
	<controlfield tag="005">20200120142900.0</controlfield>
	<controlfield tag="008">110614s2009    ru ||| |  ||||00|  |rus d</controlfield>
	<datafield ind1=" " ind2=" " tag="020">
		<subfield code="a">9785915210195</subfield>
	</datafield>
	<datafield ind1="7" ind2=" " tag="024">
		<subfield code="a">http://catalogue.bnf.fr/ark:/12148/cb425922742</subfield>
		<subfield code="2">uri</subfield>
	</datafield>
	<datafield ind1=" " ind2=" " tag="035">
		<subfield code="a">R006074029</subfield>
	</datafield>
	<datafield ind1=" " ind2="7" tag="039">
		<subfield code="b">9832</subfield>
		<subfield code="b">3340</subfield>
	</datafield>
	<datafield ind1=" " ind2="9" tag="039">
		<subfield code="a">202001201429</subfield>
		<subfield code="b">VLOAD</subfield>
		<subfield code="c">201811162246</subfield>
		<subfield code="d">VLOAD</subfield>
		<subfield code="c">201809011923</subfield>
		<subfield code="d">VLOAD</subfield>
		<subfield code="c">201706110849</subfield>
		<subfield code="d">VLOAD</subfield>
		<subfield code="y">201106140922</subfield>
		<subfield code="z">3340</subfield>
	</datafield>
	<datafield ind1=" " ind2=" " tag="040">
		<subfield code="a">EQO</subfield>
		<subfield code="d">SzZuIDS BS/BE B400</subfield>
		<subfield code="d">RERO nemahb</subfield>
	</datafield>
	<datafield ind1=" " ind2="7" tag="072">
		<subfield code="a">s1ba</subfield>
		<subfield code="2">rero</subfield>
	</datafield>
	<datafield ind1=" " ind2="7" tag="072">
		<subfield code="a">s2hs</subfield>
		<subfield code="2">rero</subfield>
	</datafield>
	<datafield ind1="0" ind2="0" tag="245">
		<subfield code="6">880-01</subfield>
		<subfield code="a">Velikie russkie pobedy v medali i gravi︠u︡re :</subfield>
		<subfield code="b">K 300-letnemu i︠u︡bilei︠u︡ Poltavskoĭ bitvy 27 ii︠u︡ni︠a︡ 1709 goda v Severnoĭ Voĭne 1700 - 1721 : katalog medaleĭ i gravi︠u︡r iz sobranii︠a︡ GMII im. A. S. Pushkina : [29 ii︠u︡ni︠a︡ - 15 senti︠a︡bri︠a︡ 2009 goda] /</subfield>
		<subfield code="c">[avtor proekta N.M. Smirnova ; avtory stateĭ N.M. Smirnova... et al.]</subfield>
	</datafield>
	<datafield ind1="3" ind2=" " tag="246">
		<subfield code="a">Velikie russkie pobedy v medali i gravjure : K 300-letnemu jubileju Poltavskoj bitvy 27 ijunja 1709 goda v Severnoj Vojne 1700 - 1721 : katalog medalej i gravjur iz sobranija GMII im. A. S. Puškina : [29 ijunja - 15 sentjabrja 2009 goda] / [avtor proekta N.M. Smirnova ; avtory statej N.M. Smirnova... et al.]</subfield>
	</datafield>
	<datafield ind1=" " ind2="1" tag="264">
		<subfield code="6">880-02</subfield>
		<subfield code="a">Moskva :</subfield>
		<subfield code="b">[éditeur non identifié],</subfield>
		<subfield code="c">2009</subfield>
	</datafield>
	<datafield ind1=" " ind2=" " tag="300">
		<subfield code="a">319 S. :</subfield>
		<subfield code="b">Ill., Karten</subfield>
	</datafield>
	<datafield ind1=" " ind2=" " tag="336">
		<subfield code="b">txt</subfield>
		<subfield code="2">rdacontent</subfield>
	</datafield>
	<datafield ind1=" " ind2=" " tag="337">
		<subfield code="b">n</subfield>
		<subfield code="2">rdamedia</subfield>
	</datafield>
	<datafield ind1=" " ind2=" " tag="338">
		<subfield code="b">nc</subfield>
		<subfield code="2">rdacarrier</subfield>
	</datafield>
	<datafield ind1=" " ind2=" " tag="339">
		<subfield code="a">docmaintype_book</subfield>
		<subfield code="b">docsubtype_other_book</subfield>
	</datafield>
	<datafield ind1=" " ind2=" " tag="500">
		<subfield code="a">Engl. Übers. des Titels: Great Russian Victories seen through medals and engravings</subfield>
	</datafield>
	<datafield ind1=" " ind2=" " tag="500">
		<subfield code="a">In kyrill. Schrift, russ</subfield>
	</datafield>
	<datafield ind1="0" ind2="7" tag="600">
		<subfield code="a">Pierre</subfield>
		<subfield code="c">(empereur de Russie ;</subfield>
		<subfield code="b">1)</subfield>
		<subfield code="2">rero</subfield>
		<subfield code="0">(IdRef)027408183</subfield>
	</datafield>
	<datafield ind1=" " ind2="7" tag="650">
		<subfield code="a">Gravure</subfield>
		<subfield code="2">rero</subfield>
	</datafield>
	<datafield ind1=" " ind2="7" tag="650">
		<subfield code="a">Médailles</subfield>
		<subfield code="2">rero</subfield>
	</datafield>
	<datafield ind1=" " ind2="7" tag="650">
		<subfield code="a">Bataille de Poltava (1709)</subfield>
		<subfield code="2">rero</subfield>
	</datafield>
	<datafield ind1=" " ind2="7" tag="650">
		<subfield code="a">Thèmes, motifs</subfield>
		<subfield code="2">rero</subfield>
	</datafield>
	<datafield ind1=" " ind2="7" tag="655">
		<subfield code="a">[Catalogues d'exposition]</subfield>
		<subfield code="2">rero</subfield>
	</datafield>
	<datafield ind1="1" ind2=" " tag="700">
		<subfield code="6">880-03</subfield>
		<subfield code="a">Smirnova, Natalʹi︠a︡ Mikhaĭlovna</subfield>
	</datafield>
	<datafield ind1="2" ind2=" " tag="710">
		<subfield code="6">880-04</subfield>
		<subfield code="a">Gosudarstvennyĭ muzeĭ izobrazitelʹnykh iskusstv imeni A.S. Pushkina</subfield>
		<subfield code="0">(IdRef)092877575</subfield>
	</datafield>
	<datafield ind1="0" ind2="0" tag="880">
		<subfield code="6">245-01/(N</subfield>
		<subfield code="a">Великие русские победы в медали и гравюре :</subfield>
		<subfield code="b">К 300-летнему юбилею Полтавской битвы 27 июня 1709 года в Северной Войне 1700 - 1721 : каталог медалей и гравюр из собрания ГМИИ им А.С. Пушкина : [29 июня - 15 сентября 2009 года] /</subfield>
		<subfield code="c">[автор проекта Н.М. Смирнова ; авторы статей Н.М. Смирнова... et al.]</subfield>
	</datafield>
	<datafield ind1="1" ind2=" " tag="880">
		<subfield code="6">700-03/(N</subfield>
		<subfield code="a">Смирнова, Наталья Михайловна</subfield>
	</datafield>
	<datafield ind1="2" ind2=" " tag="880">
		<subfield code="6">710-04/(N</subfield>
		<subfield code="a">Государственный музей изобразительных искусств имени А.С. Пушкина (Москва)</subfield>
	</datafield>
	<datafield ind1=" " ind2="1" tag="880">
		<subfield code="6">264-02/(N</subfield>
		<subfield code="a">Москва :</subfield>
		<subfield code="b">[éditeur non identifié],</subfield>
		<subfield code="c">2009</subfield>
	</datafield>
	<datafield ind1=" " ind2="1" tag="900">
		<subfield code="a">IDS-BSBE</subfield>
		<subfield code="b">20110614</subfield>
	</datafield>
	<datafield ind1=" " ind2=" " tag="900">
		<subfield code="a">noselfmerge</subfield>
	</datafield>
	<datafield ind1=" " ind2=" " tag="919">
		<subfield code="9">650 _7</subfield>
		<subfield code="a">médaille</subfield>
		<subfield code="x">Pierre (empereur de Russie ; 1)</subfield>
		<subfield code="v">[catalogue d'exposition]</subfield>
		<subfield code="2">chrero</subfield>
	</datafield>
	<datafield ind1=" " ind2=" " tag="919">
		<subfield code="9">650 _7</subfield>
		<subfield code="a">gravure</subfield>
		<subfield code="x">Pierre (empereur de Russie ; 1)</subfield>
		<subfield code="v">[catalogue d'exposition]</subfield>
		<subfield code="2">chrero</subfield>
	</datafield>
	<datafield ind1=" " ind2=" " tag="919">
		<subfield code="9">650 _7</subfield>
		<subfield code="a">gravure</subfield>
		<subfield code="y">bataille de Poltava (thème artistique ou littéraire)</subfield>
		<subfield code="v">[catalogue d'exposition]</subfield>
		<subfield code="2">chrero</subfield>
	</datafield>
	<datafield ind1=" " ind2=" " tag="962">
		<subfield code="a">nemahb</subfield>
	</datafield>
</record>