

<record>
	<leader>00754nas a22002297a 4500</leader>
	<controlfield tag="001">REROILS:253</controlfield>
	<controlfield tag="003">RERO</controlfield>
	<controlfield tag="005">20180704102600.0</controlfield>
	<controlfield tag="008">020320         sz |||m|  ||||0 |  0ger d</controlfield>
	<datafield ind1=" " ind2=" " tag="035">
		<subfield code="a">R003167773</subfield>
	</datafield>
	<datafield ind1=" " ind2="9" tag="039">
		<subfield code="a">201807041026</subfield>
		<subfield code="b">VLOAD</subfield>
		<subfield code="c">201705181435</subfield>
		<subfield code="d">VLOAD</subfield>
		<subfield code="c">200605292139</subfield>
		<subfield code="d">VLOAD</subfield>
		<subfield code="c">200203251628</subfield>
		<subfield code="d">0132</subfield>
		<subfield code="y">200203201526</subfield>
		<subfield code="z">0132</subfield>
	</datafield>
	<datafield ind1=" " ind2=" " tag="040">
		<subfield code="a">RERO frbcuc</subfield>
	</datafield>
	<datafield ind1=" " ind2=" " tag="044">
		<subfield code="a">sz</subfield>
		<subfield code="c">ch-be</subfield>
	</datafield>
	<datafield ind1="0" ind2="0" tag="245">
		<subfield code="a">Wirkungsvolles Management :</subfield>
		<subfield code="b">eine Schriftenreihe für Unternehmer und ihre leitenden Mitarbeiter</subfield>
	</datafield>
	<datafield ind1=" " ind2="1" tag="264">
		<subfield code="a">Bern :</subfield>
		<subfield code="b">P. Haupt</subfield>
	</datafield>
	<datafield ind1=" " ind2=" " tag="336">
		<subfield code="b">txt</subfield>
		<subfield code="2">rdacontent</subfield>
	</datafield>
	<datafield ind1=" " ind2=" " tag="337">
		<subfield code="b">n</subfield>
		<subfield code="2">rdamedia</subfield>
	</datafield>
	<datafield ind1=" " ind2=" " tag="338">
		<subfield code="b">nc</subfield>
		<subfield code="2">rdacarrier</subfield>
	</datafield>
	<datafield ind1=" " ind2=" " tag="339">
		<subfield code="a">docmaintype_series</subfield>
	</datafield>
	<datafield ind1=" " ind2=" " tag="900">
		<subfield code="a">noselfmerge</subfield>
	</datafield>
	<datafield ind1=" " ind2=" " tag="900">
		<subfield code="a">reroslsp</subfield>
	</datafield>
</record>