

<record>
	<leader>00995naa a22002777a 4500</leader>
	<controlfield tag="001">REROILS:58</controlfield>
	<controlfield tag="003">RERO</controlfield>
	<controlfield tag="005">20170518141100.0</controlfield>
	<controlfield tag="008">980412s1992    xx ||| |  ||||00|  0ger d</controlfield>
	<datafield ind1=" " ind2=" " tag="035">
		<subfield code="a">R003458224</subfield>
	</datafield>
	<datafield ind1=" " ind2="9" tag="039">
		<subfield code="a">201705181411</subfield>
		<subfield code="b">VLOAD</subfield>
		<subfield code="c">201605141156</subfield>
		<subfield code="d">VLOAD</subfield>
		<subfield code="c">201210191826</subfield>
		<subfield code="d">VLOAD</subfield>
		<subfield code="c">201112192259</subfield>
		<subfield code="d">VLOAD</subfield>
		<subfield code="y">200506232351</subfield>
		<subfield code="z">VLOAD</subfield>
	</datafield>
	<datafield ind1=" " ind2=" " tag="040">
		<subfield code="a">RERO gewcc-</subfield>
	</datafield>
	<datafield ind1=" " ind2="7" tag="072">
		<subfield code="a">s1th</subfield>
		<subfield code="2">rero</subfield>
	</datafield>
	<datafield ind1="1" ind2=" " tag="100">
		<subfield code="a">Aagaard, Anna Marie</subfield>
		<subfield code="4">cre</subfield>
		<subfield code="0">(IdRef)059315156</subfield>
	</datafield>
	<datafield ind1="1" ind2="0" tag="245">
		<subfield code="a">Kirche und Welt :</subfield>
		<subfield code="b">zu einer Studie der Kommission für Glauben und Kirchenverfassung /</subfield>
		<subfield code="c">von Anna Marie Aagaard</subfield>
	</datafield>
	<datafield ind1=" " ind2="1" tag="264">
		<subfield code="c">1992</subfield>
	</datafield>
	<datafield ind1=" " ind2=" " tag="336">
		<subfield code="b">txt</subfield>
		<subfield code="2">rdacontent</subfield>
	</datafield>
	<datafield ind1=" " ind2=" " tag="337">
		<subfield code="b">n</subfield>
		<subfield code="2">rdamedia</subfield>
	</datafield>
	<datafield ind1=" " ind2=" " tag="338">
		<subfield code="b">nc</subfield>
		<subfield code="2">rdacarrier</subfield>
	</datafield>
	<datafield ind1=" " ind2=" " tag="339">
		<subfield code="a">docmaintype_article</subfield>
	</datafield>
	<datafield ind1=" " ind2=" " tag="500">
		<subfield code="a">Translated from the English</subfield>
	</datafield>
	<datafield ind1=" " ind2=" " tag="580">
		<subfield code="a">In: Ökumenische Rundschau ; Jg. 41, H. 2 (April 1992), p. 137-146</subfield>
	</datafield>
	<datafield ind1="1" ind2=" " tag="773">
		<subfield code="t">Ökumenische Rundschau</subfield>
		<subfield code="g">Jg. 41, H. 2 (April 1992), p. 137-146</subfield>
		<subfield code="w">REROILS:19</subfield>
	</datafield>
	<datafield ind1=" " ind2=" " tag="957">
		<subfield code="a">gewcc-</subfield>
	</datafield>
	<datafield ind1=" " ind2=" " tag="982">
		<subfield code="2">wccsh</subfield>
		<subfield code="a">Church and the world</subfield>
		<subfield code="e">[LCSH]</subfield>
	</datafield>
	<datafield ind1=" " ind2=" " tag="982">
		<subfield code="2">wccsh</subfield>
		<subfield code="a">Wcc</subfield>
		<subfield code="d">Faith and Order</subfield>
	</datafield>
</record>