

<record>
	<leader>00986nas a22002657a 4500</leader>
	<controlfield tag="001">REROILS:9</controlfield>
	<controlfield tag="003">RERO</controlfield>
	<controlfield tag="005">20170518103100.0</controlfield>
	<controlfield tag="008">000714         xx |||m|  ||||0 |  0und d</controlfield>
	<datafield ind1=" " ind2=" " tag="019">
		<subfield code="a">Il semble que la numérotation disparaît à partir de 2002</subfield>
		<subfield code="9">frbcuc/02.2003/0024</subfield>
	</datafield>
	<datafield ind1=" " ind2=" " tag="022">
		<subfield code="a">1283-5595</subfield>
		<subfield code="y">1283-55925</subfield>
	</datafield>
	<datafield ind1=" " ind2=" " tag="035">
		<subfield code="a">R243473760</subfield>
	</datafield>
	<datafield ind1=" " ind2=" " tag="039">
		<subfield code="b">4304</subfield>
	</datafield>
	<datafield ind1=" " ind2="9" tag="039">
		<subfield code="a">201705181031</subfield>
		<subfield code="b">VLOAD</subfield>
		<subfield code="c">200605281302</subfield>
		<subfield code="d">VLOAD</subfield>
		<subfield code="c">200302071554</subfield>
		<subfield code="d">0024</subfield>
		<subfield code="c">200302051532</subfield>
		<subfield code="d">0024</subfield>
		<subfield code="y">200007142228</subfield>
		<subfield code="z">VLOAD</subfield>
	</datafield>
	<datafield ind1=" " ind2=" " tag="040">
		<subfield code="a">RERO neubfl</subfield>
	</datafield>
	<datafield ind1="0" ind2="3" tag="245">
		<subfield code="a">Le texte et l'édition :</subfield>
		<subfield code="b">actes</subfield>
	</datafield>
	<datafield ind1=" " ind2="1" tag="264">
		<subfield code="a">Dijon :</subfield>
		<subfield code="b">Centre de recherches &quot;Le texte et l'édition&quot; - Université de Bourgogne</subfield>
	</datafield>
	<datafield ind1=" " ind2=" " tag="336">
		<subfield code="b">txt</subfield>
		<subfield code="2">rdacontent</subfield>
	</datafield>
	<datafield ind1=" " ind2=" " tag="337">
		<subfield code="b">n</subfield>
		<subfield code="2">rdamedia</subfield>
	</datafield>
	<datafield ind1=" " ind2=" " tag="338">
		<subfield code="b">nc</subfield>
		<subfield code="2">rdacarrier</subfield>
	</datafield>
	<datafield ind1=" " ind2=" " tag="339">
		<subfield code="a">docmaintype_series</subfield>
	</datafield>
	<datafield ind1="2" ind2=" " tag="710">
		<subfield code="a">Université de Bourgogne (Dijon).</subfield>
		<subfield code="b">Centre de recherches &quot;Le texte et l'édition&quot;</subfield>
		<subfield code="0">(IdRef)03545802X</subfield>
	</datafield>
	<datafield ind1=" " ind2=" " tag="900">
		<subfield code="a">noselfmerge</subfield>
	</datafield>
	<datafield ind1=" " ind2=" " tag="900">
		<subfield code="a">reroslsp</subfield>
	</datafield>
</record>