

<record>
	<leader>01998cam a2200469 a 4500</leader>
	<controlfield tag="001">REROILS:284</controlfield>
	<controlfield tag="003">RERO</controlfield>
	<controlfield tag="005">20180606144600.0</controlfield>
	<controlfield tag="008">110819s2006    ja ||| |  ||||00|  |jpn d</controlfield>
	<datafield ind1=" " ind2=" " tag="020">
		<subfield code="a">9784902244649</subfield>
	</datafield>
	<datafield ind1=" " ind2=" " tag="020">
		<subfield code="a">9784902244649</subfield>
	</datafield>
	<datafield ind1=" " ind2=" " tag="035">
		<subfield code="a">R006269822</subfield>
	</datafield>
	<datafield ind1=" " ind2="9" tag="039">
		<subfield code="a">201806061446</subfield>
		<subfield code="b">7950</subfield>
		<subfield code="c">201705301754</subfield>
		<subfield code="d">VLOAD</subfield>
		<subfield code="c">201502081301</subfield>
		<subfield code="d">VLOAD</subfield>
		<subfield code="c">201204181153</subfield>
		<subfield code="d">7330</subfield>
		<subfield code="y">201108191028</subfield>
		<subfield code="z">7339</subfield>
	</datafield>
	<datafield ind1=" " ind2=" " tag="040">
		<subfield code="a">JaToTRC</subfield>
		<subfield code="d">RERO geullo</subfield>
	</datafield>
	<datafield ind1=" " ind2="4" tag="050">
		<subfield code="a">DS832.7.K6</subfield>
		<subfield code="b">N54 2006</subfield>
	</datafield>
	<datafield ind1=" " ind2="7" tag="072">
		<subfield code="a">s1ss</subfield>
		<subfield code="2">rero</subfield>
	</datafield>
	<datafield ind1="0" ind2="0" tag="245">
		<subfield code="6">880-01</subfield>
		<subfield code="a">Nihon to Chōsen Hantō, rekishi no fushime ni tatte, zainichi Korian no 100-nen :</subfield>
		<subfield code="b">kako, genzai, soshite mirai e /</subfield>
		<subfield code="c">hen Koria Jinken Seikatsu Kyōkai</subfield>
	</datafield>
	<datafield ind1="3" ind2=" " tag="246">
		<subfield code="6">880-02</subfield>
		<subfield code="a">Zainichi Korian no 100-nen</subfield>
	</datafield>
	<datafield ind1=" " ind2=" " tag="250">
		<subfield code="6">880-03</subfield>
		<subfield code="a">Shohan</subfield>
	</datafield>
	<datafield ind1=" " ind2="1" tag="264">
		<subfield code="6">880-04</subfield>
		<subfield code="a">Kyōto-shi :</subfield>
		<subfield code="b">Kurieitsu Kamogawa :</subfield>
		<subfield code="b">Hatsubaimoto Kamogawa Shuppan,</subfield>
		<subfield code="c">2006</subfield>
	</datafield>
	<datafield ind1=" " ind2=" " tag="300">
		<subfield code="a">119 p. :</subfield>
		<subfield code="b">ill. ;</subfield>
		<subfield code="c">21 cm</subfield>
	</datafield>
	<datafield ind1=" " ind2=" " tag="336">
		<subfield code="b">txt</subfield>
		<subfield code="2">rdacontent</subfield>
	</datafield>
	<datafield ind1=" " ind2=" " tag="337">
		<subfield code="b">n</subfield>
		<subfield code="2">rdamedia</subfield>
	</datafield>
	<datafield ind1=" " ind2=" " tag="338">
		<subfield code="b">nc</subfield>
		<subfield code="2">rdacarrier</subfield>
	</datafield>
	<datafield ind1=" " ind2=" " tag="339">
		<subfield code="a">docmaintype_book</subfield>
		<subfield code="b">docsubtype_other_book</subfield>
	</datafield>
	<datafield ind1=" " ind2="0" tag="650">
		<subfield code="a">Koreans</subfield>
		<subfield code="x">Legal status, laws, etc.</subfield>
		<subfield code="z">Japan</subfield>
		<subfield code="x">History</subfield>
		<subfield code="y">20th century</subfield>
	</datafield>
	<datafield ind1=" " ind2="0" tag="650">
		<subfield code="a">Koreans</subfield>
		<subfield code="x">Legal status, laws, etc.</subfield>
		<subfield code="z">Japan</subfield>
		<subfield code="x">History</subfield>
		<subfield code="y">21st century</subfield>
	</datafield>
	<datafield ind1=" " ind2="0" tag="650">
		<subfield code="a">Koreans</subfield>
		<subfield code="z">Japan</subfield>
		<subfield code="x">Social conditions</subfield>
		<subfield code="y">20th century</subfield>
	</datafield>
	<datafield ind1=" " ind2="0" tag="650">
		<subfield code="a">Koreans</subfield>
		<subfield code="z">Japan</subfield>
		<subfield code="x">Social conditions</subfield>
		<subfield code="y">21st century</subfield>
	</datafield>
	<datafield ind1="2" ind2=" " tag="710">
		<subfield code="6">880-05</subfield>
		<subfield code="a">Koria Jinken Seikatsu Kyōkai</subfield>
	</datafield>
	<datafield ind1=" " ind2=" " tag="880">
		<subfield code="6">250-03/$1</subfield>
		<subfield code="a">初版</subfield>
	</datafield>
	<datafield ind1="0" ind2="0" tag="880">
		<subfield code="6">245-01/$1</subfield>
		<subfield code="a">日本と朝鮮半島, 歴史の節目に立って, 在日コリアンの100年 :</subfield>
		<subfield code="b">過去, 現在, そして未来へ /</subfield>
		<subfield code="c">編 コリア人権生活協会</subfield>
	</datafield>
	<datafield ind1="2" ind2=" " tag="880">
		<subfield code="6">710-05/$1</subfield>
		<subfield code="a">コリア人権生活協会</subfield>
	</datafield>
	<datafield ind1="3" ind2=" " tag="880">
		<subfield code="6">246-02/$1</subfield>
		<subfield code="a">在日コリアンの100年</subfield>
	</datafield>
	<datafield ind1=" " ind2="1" tag="880">
		<subfield code="6">264-04/$1</subfield>
		<subfield code="a">京都市 :</subfield>
		<subfield code="b">クリエイツかもがわ :</subfield>
		<subfield code="b">発売元かもがわ出版,</subfield>
		<subfield code="c">2006</subfield>
	</datafield>
	<datafield ind1=" " ind2="1" tag="900">
		<subfield code="a">OCoLC</subfield>
		<subfield code="b">20110819</subfield>
		<subfield code="c">Droits réservés</subfield>
	</datafield>
	<datafield ind1=" " ind2=" " tag="900">
		<subfield code="a">noselfmerge</subfield>
	</datafield>
	<datafield ind1=" " ind2=" " tag="902">
		<subfield code="a">geulja</subfield>
		<subfield code="b">2011/08</subfield>
	</datafield>
	<datafield ind1=" " ind2=" " tag="957">
		<subfield code="a">geullo</subfield>
	</datafield>
	<datafield ind1=" " ind2=" " tag="982">
		<subfield code="2">cdu-geulja</subfield>
		<subfield code="a">316.81 NIH</subfield>
	</datafield>
	<datafield ind1=" " ind2=" " tag="992">
		<subfield code="a">BFLA 227320</subfield>
		<subfield code="x">ge/ulja/d/2011</subfield>
	</datafield>
	<datafield ind1=" " ind2=" " tag="992">
		<subfield code="a">BFLA 233259</subfield>
		<subfield code="x">ge/ulja/d/2012/161</subfield>
	</datafield>
</record>