

<record>
	<leader>02340ncm a2200481 a 4500</leader>
	<controlfield tag="001">REROILS:206</controlfield>
	<controlfield tag="003">RERO</controlfield>
	<controlfield tag="005">20170518140800.0</controlfield>
	<controlfield tag="008">010605m19919999gw ||| |  ||||  |  |ger d</controlfield>
	<datafield ind1=" " ind2=" " tag="019">
		<subfield code="a">Bibliogr. dans KVK</subfield>
		<subfield code="9">vsbcvb/06.2001</subfield>
	</datafield>
	<datafield ind1=" " ind2=" " tag="020">
		<subfield code="a">3927190047 (Bd. 1)</subfield>
	</datafield>
	<datafield ind1=" " ind2=" " tag="020">
		<subfield code="a">3927190284 (Bd. 2)</subfield>
	</datafield>
	<datafield ind1=" " ind2=" " tag="020">
		<subfield code="a">3927190527 (Bd. 3)</subfield>
	</datafield>
	<datafield ind1="2" ind2=" " tag="024">
		<subfield code="a">4018262101065 (Bd. 1)</subfield>
	</datafield>
	<datafield ind1="2" ind2=" " tag="024">
		<subfield code="a">M-700136-67-3 (Bd. 1)</subfield>
	</datafield>
	<datafield ind1="2" ind2=" " tag="024">
		<subfield code="a">4018262101317 (Bd. 2)</subfield>
	</datafield>
	<datafield ind1="2" ind2=" " tag="024">
		<subfield code="a">M-700136-57-4 (Bd. 2)</subfield>
	</datafield>
	<datafield ind1="2" ind2="2" tag="028">
		<subfield code="a">AMA 610106 (Bd. 1)</subfield>
	</datafield>
	<datafield ind1="2" ind2="2" tag="028">
		<subfield code="a">AMA 610131 (Bd.2 )</subfield>
	</datafield>
	<datafield ind1=" " ind2=" " tag="035">
		<subfield code="a">R003047114</subfield>
	</datafield>
	<datafield ind1=" " ind2="9" tag="039">
		<subfield code="a">201705181408</subfield>
		<subfield code="b">VLOAD</subfield>
		<subfield code="c">201610071639</subfield>
		<subfield code="d">1323</subfield>
		<subfield code="c">201605141252</subfield>
		<subfield code="d">VLOAD</subfield>
		<subfield code="c">201506101606</subfield>
		<subfield code="d">1000</subfield>
		<subfield code="y">200106050952</subfield>
		<subfield code="z">1100</subfield>
	</datafield>
	<datafield ind1=" " ind2=" " tag="040">
		<subfield code="a">RERO vsbcvb</subfield>
	</datafield>
	<datafield ind1=" " ind2="7" tag="072">
		<subfield code="a">s1mu</subfield>
		<subfield code="2">rero</subfield>
	</datafield>
	<datafield ind1="0" ind2="0" tag="245">
		<subfield code="a">Rock Ballads /</subfield>
		<subfield code="c">[arr. von] Peter Bursch, Jürgen Kumlehn</subfield>
	</datafield>
	<datafield ind1=" " ind2="1" tag="264">
		<subfield code="a">Brühl :</subfield>
		<subfield code="b">AMA Verl.,</subfield>
		<subfield code="c">1991-[199-?]</subfield>
	</datafield>
	<datafield ind1=" " ind2=" " tag="300">
		<subfield code="a">3 vol. :</subfield>
		<subfield code="b">Ill. ;</subfield>
		<subfield code="c">30 cm</subfield>
	</datafield>
	<datafield ind1=" " ind2=" " tag="336">
		<subfield code="b">ntm</subfield>
		<subfield code="2">rdacontent</subfield>
	</datafield>
	<datafield ind1=" " ind2=" " tag="337">
		<subfield code="b">n</subfield>
		<subfield code="2">rdamedia</subfield>
	</datafield>
	<datafield ind1=" " ind2=" " tag="338">
		<subfield code="b">nc</subfield>
		<subfield code="2">rdacarrier</subfield>
	</datafield>
	<datafield ind1=" " ind2=" " tag="339">
		<subfield code="a">docmaintype_score</subfield>
		<subfield code="b">docsubtype_printed_score</subfield>
	</datafield>
	<datafield ind1="0" ind2=" " tag="505">
		<subfield code="a">Bd. 1: Sailing. Lady in black. Dust in the wind. I still haven't found what I'm looking for. Listen to your heart. Purple rain. Blaze of glory. Still loving you. Holiday. Angie. While my guitar gently weeps. With a little help from my friends. Wonderful tonight. A whiter shade of pale. Right here waiting. Another day in paradise. Brothers in arms. Still got the blues.</subfield>
	</datafield>
	<datafield ind1="0" ind2=" " tag="505">
		<subfield code="a">Bd. 2: Stand by me. Michelle. Yesterday. Hey Jude. San Francisco. Atlantis. Ruby uesday. My sweet Lord. Nights in white satin. Sylvia's mother. Heart of gold. The needle and the damage done. Walk on the wild side. Love hurts. Boat on the river. I'm on fire. On the beach. Wicked game. Wind of change. To be with you. Tears in Heaven. Don't cry. Cats in ihe cradle. Everything I do. What's up.</subfield>
	</datafield>
	<datafield ind1="1" ind2=" " tag="700">
		<subfield code="a">Kumlehn, Jürgen</subfield>
	</datafield>
	<datafield ind1="1" ind2=" " tag="700">
		<subfield code="a">Bursch, Peter</subfield>
	</datafield>
	<datafield ind1=" " ind2=" " tag="900">
		<subfield code="a">noselfmerge</subfield>
	</datafield>
	<datafield ind1=" " ind2=" " tag="906">
		<subfield code="a">bvs</subfield>
		<subfield code="n">2015/06</subfield>
		<subfield code="c">10</subfield>
	</datafield>
	<datafield ind1=" " ind2=" " tag="973">
		<subfield code="a">vsbcvb vsbcvs</subfield>
	</datafield>
	<datafield ind1=" " ind2=" " tag="986">
		<subfield code="2">brsw</subfield>
		<subfield code="a">Song ; Anthologie</subfield>
	</datafield>
	<datafield ind1=" " ind2=" " tag="986">
		<subfield code="2">cdu-vsbcvb</subfield>
		<subfield code="a">782/785</subfield>
	</datafield>
	<datafield ind1=" " ind2=" " tag="986">
		<subfield code="2">vs-part</subfield>
		<subfield code="a">76(65)</subfield>
	</datafield>
</record>