

<record>
	<leader>01830naa a2200445 a 4500</leader>
	<controlfield tag="001">REROILS:265</controlfield>
	<controlfield tag="003">RERO</controlfield>
	<controlfield tag="005">20191108105200.0</controlfield>
	<controlfield tag="008">041025s2000    sz |||||| ||||00|| |fre d</controlfield>
	<datafield ind1=" " ind2=" " tag="035">
		<subfield code="a">R003726029</subfield>
	</datafield>
	<datafield ind1=" " ind2="7" tag="039">
		<subfield code="b">1030</subfield>
	</datafield>
	<datafield ind1=" " ind2="9" tag="039">
		<subfield code="a">201911081052</subfield>
		<subfield code="b">VLOAD</subfield>
		<subfield code="c">201808311005</subfield>
		<subfield code="d">VLOAD</subfield>
		<subfield code="c">201706110535</subfield>
		<subfield code="d">VLOAD</subfield>
		<subfield code="c">201605141446</subfield>
		<subfield code="d">VLOAD</subfield>
		<subfield code="y">200410250933</subfield>
		<subfield code="z">1013</subfield>
	</datafield>
	<datafield ind1=" " ind2=" " tag="040">
		<subfield code="a">RERO vsbcvs</subfield>
	</datafield>
	<datafield ind1=" " ind2="7" tag="072">
		<subfield code="a">s1st</subfield>
		<subfield code="2">rero</subfield>
	</datafield>
	<datafield ind1="1" ind2=" " tag="100">
		<subfield code="a">Delaloye, Reynald,</subfield>
		<subfield code="d">1970-</subfield>
		<subfield code="4">cre</subfield>
		<subfield code="0">(IdRef)148257054</subfield>
	</datafield>
	<datafield ind1="1" ind2="0" tag="245">
		<subfield code="a">Pergélisol et construction de remontées mécaniques :</subfield>
		<subfield code="b">l'exemple des Lapires (Mont-Gelé, Valais) /</subfield>
		<subfield code="c">Reynald Delaloye</subfield>
	</datafield>
	<datafield ind1=" " ind2="1" tag="264">
		<subfield code="a">Zürich :</subfield>
		<subfield code="b">Société suisse de mécanique des sols et des roches,</subfield>
		<subfield code="c">2000</subfield>
	</datafield>
	<datafield ind1=" " ind2=" " tag="300">
		<subfield code="a">[11 p.] :</subfield>
		<subfield code="b">ill. ;</subfield>
		<subfield code="c">30 cm</subfield>
	</datafield>
	<datafield ind1=" " ind2=" " tag="336">
		<subfield code="b">txt</subfield>
		<subfield code="2">rdacontent</subfield>
	</datafield>
	<datafield ind1=" " ind2=" " tag="337">
		<subfield code="b">n</subfield>
		<subfield code="2">rdamedia</subfield>
	</datafield>
	<datafield ind1=" " ind2=" " tag="338">
		<subfield code="b">nc</subfield>
		<subfield code="2">rdacarrier</subfield>
	</datafield>
	<datafield ind1=" " ind2=" " tag="339">
		<subfield code="a">docmaintype_article</subfield>
	</datafield>
	<datafield ind1=" " ind2=" " tag="580">
		<subfield code="a">Tiré à part de: Publications de la Société suisse de mécanique des sols et des roches. - Zurich. - 141(2000), p. 103-113</subfield>
	</datafield>
	<datafield ind1=" " ind2="7" tag="650">
		<subfield code="a">Construction</subfield>
		<subfield code="2">rero</subfield>
	</datafield>
	<datafield ind1=" " ind2="7" tag="650">
		<subfield code="a">Remontées mécaniques</subfield>
		<subfield code="2">rero</subfield>
	</datafield>
	<datafield ind1=" " ind2="7" tag="650">
		<subfield code="a">Pergélisols</subfield>
		<subfield code="2">rero</subfield>
	</datafield>
	<datafield ind1=" " ind2="7" tag="651">
		<subfield code="a">Mont-Gelé (Suisse, région, VS)</subfield>
		<subfield code="2">rero</subfield>
	</datafield>
	<datafield ind1="1" ind2=" " tag="787">
		<subfield code="t">Mitteilungen der Schweizerischen Gesellschaft für Boden- und Felsmechanik = Publications de la Société suisse de mécanique des sols et des roches</subfield>
		<subfield code="g">141(2000), p. 103-113</subfield>
		<subfield code="w">REROILS:2000030</subfield>
	</datafield>
	<datafield ind1=" " ind2=" " tag="900">
		<subfield code="a">noselfmerge</subfield>
	</datafield>
	<datafield ind1=" " ind2=" " tag="906">
		<subfield code="a">bvs</subfield>
	</datafield>
	<datafield ind1=" " ind2=" " tag="906">
		<subfield code="a">valais</subfield>
		<subfield code="b">2004/10</subfield>
	</datafield>
	<datafield ind1=" " ind2=" " tag="906">
		<subfield code="a">bibliogrvs</subfield>
	</datafield>
	<datafield ind1=" " ind2=" " tag="919">
		<subfield code="9">650 _7</subfield>
		<subfield code="a">construction</subfield>
		<subfield code="x">permafrost</subfield>
		<subfield code="x">remontées mécaniques</subfield>
		<subfield code="z">Mont-Gelé (Suisse, région, VS)</subfield>
		<subfield code="2">chrero</subfield>
	</datafield>
	<datafield ind1=" " ind2=" " tag="973">
		<subfield code="a">vsbcvs</subfield>
	</datafield>
	<datafield ind1=" " ind2=" " tag="986">
		<subfield code="2">bibvs</subfield>
		<subfield code="a">Gelé, Mont - Sciences naturelles</subfield>
	</datafield>
	<datafield ind1=" " ind2=" " tag="986">
		<subfield code="2">vs-bib-sys</subfield>
		<subfield code="a">0457-002-000-000-000</subfield>
	</datafield>
	<datafield ind1=" " ind2=" " tag="986">
		<subfield code="2">bibvs</subfield>
		<subfield code="a">Valais - Remontée mécanique</subfield>
	</datafield>
	<datafield ind1=" " ind2=" " tag="986">
		<subfield code="2">bibvs</subfield>
		<subfield code="a">Wallis - Seilbahn</subfield>
	</datafield>
	<datafield ind1=" " ind2=" " tag="986">
		<subfield code="2">vs-bib-sys</subfield>
		<subfield code="a">1185-1347-000-000-000</subfield>
	</datafield>
</record>