

<record>
	<leader>01837cam a2200469 a 4500</leader>
	<controlfield tag="001">REROILS:258</controlfield>
	<controlfield tag="003">RERO</controlfield>
	<controlfield tag="005">20180901195300.0</controlfield>
	<controlfield tag="008">110705s2011    xxk||| |  ||||00|  |eng d</controlfield>
	<datafield ind1=" " ind2=" " tag="020">
		<subfield code="a">9780415548090</subfield>
	</datafield>
	<datafield ind1=" " ind2=" " tag="020">
		<subfield code="a">9780415548090 (hardback : alk. paper)</subfield>
	</datafield>
	<datafield ind1=" " ind2=" " tag="035">
		<subfield code="a">R006093521</subfield>
	</datafield>
	<datafield ind1=" " ind2="7" tag="039">
		<subfield code="b">8075</subfield>
	</datafield>
	<datafield ind1=" " ind2="9" tag="039">
		<subfield code="a">201809011953</subfield>
		<subfield code="b">VLOAD</subfield>
		<subfield code="c">201706110904</subfield>
		<subfield code="d">VLOAD</subfield>
		<subfield code="c">201606131015</subfield>
		<subfield code="d">1541</subfield>
		<subfield code="c">201502081213</subfield>
		<subfield code="d">VLOAD</subfield>
		<subfield code="y">201107051150</subfield>
		<subfield code="z">8010</subfield>
	</datafield>
	<datafield ind1=" " ind2=" " tag="040">
		<subfield code="a">DLC</subfield>
		<subfield code="d">YDX</subfield>
		<subfield code="d">BTCTA</subfield>
		<subfield code="d">YDXCP</subfield>
		<subfield code="d">BWX</subfield>
		<subfield code="d">RERO labcud</subfield>
	</datafield>
	<datafield ind1=" " ind2="7" tag="072">
		<subfield code="a">s1go</subfield>
		<subfield code="2">rero</subfield>
	</datafield>
	<datafield ind1="1" ind2=" " tag="100">
		<subfield code="a">Airey, David</subfield>
		<subfield code="4">cre</subfield>
		<subfield code="0">(IdRef)118198726</subfield>
	</datafield>
	<datafield ind1="1" ind2="0" tag="245">
		<subfield code="a">Tourism in China :</subfield>
		<subfield code="b">policy and development since 1949 /</subfield>
		<subfield code="c">David Airey and King Chong</subfield>
	</datafield>
	<datafield ind1=" " ind2="1" tag="264">
		<subfield code="a">Milton Park, Abingdon, Oxon ;</subfield>
		<subfield code="a">New York :</subfield>
		<subfield code="b">Routledge,</subfield>
		<subfield code="c">2011</subfield>
	</datafield>
	<datafield ind1=" " ind2=" " tag="300">
		<subfield code="a">329 p.</subfield>
	</datafield>
	<datafield ind1=" " ind2=" " tag="336">
		<subfield code="b">txt</subfield>
		<subfield code="2">rdacontent</subfield>
	</datafield>
	<datafield ind1=" " ind2=" " tag="337">
		<subfield code="b">n</subfield>
		<subfield code="2">rdamedia</subfield>
	</datafield>
	<datafield ind1=" " ind2=" " tag="338">
		<subfield code="b">nc</subfield>
		<subfield code="2">rdacarrier</subfield>
	</datafield>
	<datafield ind1=" " ind2=" " tag="339">
		<subfield code="a">docmaintype_book</subfield>
		<subfield code="b">docsubtype_other_book</subfield>
	</datafield>
	<datafield ind1="0" ind2=" " tag="490">
		<subfield code="a">Contemporary geographies of leisure, tourism, and mobility</subfield>
	</datafield>
	<datafield ind1=" " ind2=" " tag="504">
		<subfield code="a">Includes bibliographical references and index.</subfield>
	</datafield>
	<datafield ind1=" " ind2="0" tag="650">
		<subfield code="a">Tourism</subfield>
		<subfield code="z">China</subfield>
	</datafield>
	<datafield ind1=" " ind2="7" tag="650">
		<subfield code="a">Tourisme</subfield>
		<subfield code="2">rero</subfield>
	</datafield>
	<datafield ind1=" " ind2="7" tag="650">
		<subfield code="a">développement touristique</subfield>
		<subfield code="2">rerovoc</subfield>
	</datafield>
	<datafield ind1=" " ind2="7" tag="650">
		<subfield code="a">Politique touristique</subfield>
		<subfield code="2">rero</subfield>
	</datafield>
	<datafield ind1=" " ind2="7" tag="651">
		<subfield code="a">Chine (république populaire)</subfield>
		<subfield code="2">rero</subfield>
	</datafield>
	<datafield ind1="1" ind2=" " tag="700">
		<subfield code="a">Chong, King</subfield>
		<subfield code="0">(IdRef)152618333</subfield>
	</datafield>
	<datafield ind1=" " ind2="1" tag="900">
		<subfield code="a">OCoLC</subfield>
		<subfield code="b">20110705</subfield>
		<subfield code="c">Droits réservés</subfield>
	</datafield>
	<datafield ind1=" " ind2=" " tag="900">
		<subfield code="a">noselfmerge</subfield>
	</datafield>
	<datafield ind1=" " ind2=" " tag="919">
		<subfield code="9">650 _7</subfield>
		<subfield code="a">tourisme</subfield>
		<subfield code="z">Chine (république populaire)</subfield>
		<subfield code="2">chrero</subfield>
	</datafield>
	<datafield ind1=" " ind2=" " tag="919">
		<subfield code="9">650 _7</subfield>
		<subfield code="a">politique du tourisme</subfield>
		<subfield code="z">Chine (république populaire)</subfield>
		<subfield code="2">chrero</subfield>
	</datafield>
	<datafield ind1=" " ind2=" " tag="919">
		<subfield code="9">650 _7</subfield>
		<subfield code="a">développement touristique</subfield>
		<subfield code="z">Chine (république populaire)</subfield>
		<subfield code="2">chrero</subfield>
	</datafield>
	<datafield ind1=" " ind2=" " tag="973">
		<subfield code="a">vsiukb</subfield>
	</datafield>
	<datafield ind1=" " ind2=" " tag="986">
		<subfield code="2">iukb</subfield>
		<subfield code="a">UER - Tourisme</subfield>
	</datafield>
	<datafield ind1=" " ind2=" " tag="986">
		<subfield code="2">cdu-vsiukb</subfield>
		<subfield code="a">91(510)</subfield>
	</datafield>
</record>