

<record>
	<leader>01475nas a2200337 a 4500</leader>
	<controlfield tag="001">REROILS:283</controlfield>
	<controlfield tag="003">RERO</controlfield>
	<controlfield tag="005">20200629043900.0</controlfield>
	<controlfield tag="006">m    |</controlfield>
	<controlfield tag="007">c|</controlfield>
	<controlfield tag="008">120723cuuuu9999sz |||m|  ||||0 |  |ger d</controlfield>
	<datafield ind1=" " ind2=" " tag="035">
		<subfield code="a">R007110062</subfield>
	</datafield>
	<datafield ind1=" " ind2="9" tag="039">
		<subfield code="a">202006290439</subfield>
		<subfield code="b">VLOAD</subfield>
		<subfield code="c">201807101145</subfield>
		<subfield code="d">VLOAD</subfield>
		<subfield code="c">201705311834</subfield>
		<subfield code="d">VLOAD</subfield>
		<subfield code="c">201212101624</subfield>
		<subfield code="d">5051</subfield>
		<subfield code="y">201207231656</subfield>
		<subfield code="z">5017</subfield>
	</datafield>
	<datafield ind1=" " ind2=" " tag="040">
		<subfield code="a">RERO iftfla</subfield>
	</datafield>
	<datafield ind1="0" ind2=" " tag="041">
		<subfield code="a">fre</subfield>
		<subfield code="a">ger</subfield>
		<subfield code="a">ita</subfield>
	</datafield>
	<datafield ind1=" " ind2=" " tag="044">
		<subfield code="a">sz</subfield>
		<subfield code="c">ch-ne</subfield>
	</datafield>
	<datafield ind1=" " ind2="7" tag="072">
		<subfield code="a">s1dr</subfield>
		<subfield code="2">rero</subfield>
	</datafield>
	<datafield ind1="0" ind2="0" tag="245">
		<subfield code="a">Statistik der Schweiz.</subfield>
		<subfield code="n">17,</subfield>
		<subfield code="p">Politik</subfield>
		<subfield code="h">[Ressource électronique] /</subfield>
		<subfield code="c">Hrsg.: Bundesamt für Statistik (BFS) = Statistique de la Suisse. 17, Politique / éd.: Office fédéral de la statistique (OFS) = Statistica della Svizzera. 17, Politica / ed.: Ufficio federale di statistica (UST) = Swiss statistics. 17, Politics / ed.: Swiss Federal Statistical Office</subfield>
	</datafield>
	<datafield ind1="3" ind2=" " tag="246">
		<subfield code="a">Statistica della Svizzera.</subfield>
		<subfield code="n">17,</subfield>
		<subfield code="p">Politica</subfield>
	</datafield>
	<datafield ind1="3" ind2=" " tag="246">
		<subfield code="a">Statistique de la Suisse.</subfield>
		<subfield code="n">17,</subfield>
		<subfield code="p">Politique</subfield>
	</datafield>
	<datafield ind1="3" ind2=" " tag="246">
		<subfield code="a">Swiss statistics.</subfield>
		<subfield code="n">17,</subfield>
		<subfield code="p">Politics</subfield>
	</datafield>
	<datafield ind1=" " ind2="1" tag="264">
		<subfield code="a">Neuchâtel :</subfield>
		<subfield code="b">Bundesamt für Statistik</subfield>
	</datafield>
	<datafield ind1=" " ind2=" " tag="339">
		<subfield code="a">docmaintype_series</subfield>
	</datafield>
	<datafield ind1=" " ind2=" " tag="530">
		<subfield code="a">Existe aussi sous forme papier</subfield>
	</datafield>
	<datafield ind1="1" ind2=" " tag="710">
		<subfield code="a">Suisse.</subfield>
		<subfield code="b">Office fédéral de la statistique</subfield>
	</datafield>
	<datafield ind1="1" ind2=" " tag="776">
		<subfield code="t">Statistik der Schweiz. 17, Politik</subfield>
		<subfield code="w">REROILS:283</subfield>
	</datafield>
	<datafield ind1=" " ind2=" " tag="900">
		<subfield code="a">noselfmerge</subfield>
	</datafield>
	<datafield ind1=" " ind2=" " tag="953">
		<subfield code="a">iftfla iftflu</subfield>
	</datafield>
	<datafield ind1=" " ind2=" " tag="983">
		<subfield code="2">iftfla</subfield>
		<subfield code="a">TFLa</subfield>
	</datafield>
	<datafield ind1=" " ind2=" " tag="983">
		<subfield code="2">iftflu</subfield>
		<subfield code="a">TFLu</subfield>
	</datafield>
</record>