

<record>
	<leader>01270nam a2200337 a 4500</leader>
	<controlfield tag="001">REROILS:42</controlfield>
	<controlfield tag="003">RERO</controlfield>
	<controlfield tag="005">20170610124100.0</controlfield>
	<controlfield tag="008">860507s1982    gw |||||| ||||00|| |ger d</controlfield>
	<datafield ind1=" " ind2=" " tag="020">
		<subfield code="a">9783922135296</subfield>
	</datafield>
	<datafield ind1=" " ind2=" " tag="035">
		<subfield code="a">0709406</subfield>
	</datafield>
	<datafield ind1=" " ind2="9" tag="039">
		<subfield code="a">201706101241</subfield>
		<subfield code="b">VLOAD</subfield>
		<subfield code="c">201704040832</subfield>
		<subfield code="d">VLOAD</subfield>
		<subfield code="c">201506170944</subfield>
		<subfield code="d">3316</subfield>
		<subfield code="c">200812230908</subfield>
		<subfield code="d">VLOAD</subfield>
		<subfield code="y">1999022802320000</subfield>
		<subfield code="z">load</subfield>
	</datafield>
	<datafield ind1=" " ind2=" " tag="040">
		<subfield code="a">RERO labcur</subfield>
	</datafield>
	<datafield ind1=" " ind2="7" tag="072">
		<subfield code="a">s1in</subfield>
		<subfield code="2">rero</subfield>
	</datafield>
	<datafield ind1="1" ind2=" " tag="100">
		<subfield code="a">Bär, Wolfgang</subfield>
		<subfield code="4">cre</subfield>
	</datafield>
	<datafield ind1="1" ind2="0" tag="245">
		<subfield code="a">Simulation kontinuierlicher technischer Systeme :</subfield>
		<subfield code="b">analoge, digitale und hybride Simulation in der Regelungstechnik /</subfield>
		<subfield code="c">von Wolfgang Bär</subfield>
	</datafield>
	<datafield ind1=" " ind2="1" tag="264">
		<subfield code="a">Erlangen :</subfield>
		<subfield code="b">Universitätsbund Erlanger-Nürnberg,</subfield>
		<subfield code="c">1982</subfield>
	</datafield>
	<datafield ind1=" " ind2=" " tag="300">
		<subfield code="a">IX, 206 p. :</subfield>
		<subfield code="b">ill. ;</subfield>
		<subfield code="c">25 cm</subfield>
	</datafield>
	<datafield ind1=" " ind2=" " tag="336">
		<subfield code="b">txt</subfield>
		<subfield code="2">rdacontent</subfield>
	</datafield>
	<datafield ind1=" " ind2=" " tag="337">
		<subfield code="b">n</subfield>
		<subfield code="2">rdamedia</subfield>
	</datafield>
	<datafield ind1=" " ind2=" " tag="338">
		<subfield code="b">nc</subfield>
		<subfield code="2">rdacarrier</subfield>
	</datafield>
	<datafield ind1=" " ind2=" " tag="339">
		<subfield code="a">docmaintype_book</subfield>
		<subfield code="b">docsubtype_other_book</subfield>
	</datafield>
	<datafield ind1="1" ind2=" " tag="490">
		<subfield code="a">Erlanger Forschungen. Reihe B</subfield>
		<subfield code="v">Bd. 13</subfield>
	</datafield>
	<datafield ind1=" " ind2="7" tag="650">
		<subfield code="a">Simulation</subfield>
		<subfield code="2">rero</subfield>
	</datafield>
	<datafield ind1=" " ind2="7" tag="650">
		<subfield code="a">Technique</subfield>
		<subfield code="2">rero</subfield>
	</datafield>
	<datafield ind1=" " ind2="0" tag="830">
		<subfield code="a">Erlanger Forschungen.</subfield>
		<subfield code="p">Reihe B, Naturwissenschaften und Medizin</subfield>
		<subfield code="v">13</subfield>
		<subfield code="w">REROILS:2000031</subfield>
	</datafield>
	<datafield ind1=" " ind2=" " tag="900">
		<subfield code="a">noselfmerge</subfield>
	</datafield>
	<datafield ind1=" " ind2=" " tag="919">
		<subfield code="9">650 _7</subfield>
		<subfield code="a">simulation</subfield>
		<subfield code="x">technique</subfield>
		<subfield code="2">chrero</subfield>
	</datafield>
	<datafield ind1=" " ind2=" " tag="962">
		<subfield code="a">nebpun</subfield>
	</datafield>
	<datafield ind1=" " ind2=" " tag="994">
		<subfield code="a">BPUN 6YT 100/13</subfield>
		<subfield code="x">ne/snat/w</subfield>
	</datafield>
</record>