

<record>
	<leader>01434nam a22003857a 4500</leader>
	<controlfield tag="001">REROILS:93</controlfield>
	<controlfield tag="003">RERO</controlfield>
	<controlfield tag="005">20170520200300.0</controlfield>
	<controlfield tag="008">150617s2014    ua ||| |  ||||00|  |ara d</controlfield>
	<datafield ind1=" " ind2=" " tag="020">
		<subfield code="a">9789777185905</subfield>
	</datafield>
	<datafield ind1=" " ind2=" " tag="035">
		<subfield code="a">R008175325</subfield>
	</datafield>
	<datafield ind1=" " ind2="7" tag="039">
		<subfield code="b">7335</subfield>
	</datafield>
	<datafield ind1=" " ind2="9" tag="039">
		<subfield code="a">201705202003</subfield>
		<subfield code="b">VLOAD</subfield>
		<subfield code="c">201507091454</subfield>
		<subfield code="d">VLOAD</subfield>
		<subfield code="c">201507090844</subfield>
		<subfield code="d">7335</subfield>
		<subfield code="c">201507090842</subfield>
		<subfield code="d">7335</subfield>
		<subfield code="y">201506171151</subfield>
		<subfield code="z">7335</subfield>
	</datafield>
	<datafield ind1=" " ind2=" " tag="040">
		<subfield code="a">RERO geular</subfield>
	</datafield>
	<datafield ind1=" " ind2="7" tag="072">
		<subfield code="a">s1go</subfield>
		<subfield code="2">rero</subfield>
	</datafield>
	<datafield ind1=" " ind2="7" tag="072">
		<subfield code="a">s2at</subfield>
		<subfield code="2">rero</subfield>
	</datafield>
	<datafield ind1="1" ind2=" " tag="100">
		<subfield code="a">Abū al-Rūs, Khālid</subfield>
		<subfield code="d">1920-</subfield>
		<subfield code="4">cre</subfield>
	</datafield>
	<datafield ind1="1" ind2="0" tag="245">
		<subfield code="a">Ḥikāyat ḥayy Miṣr al-qadīmah :</subfield>
		<subfield code="b">dirāsah taʾrīkhīyah /</subfield>
		<subfield code="c">Khālid Abū al-Rūs</subfield>
	</datafield>
	<datafield ind1=" " ind2="1" tag="264">
		<subfield code="6">880-01</subfield>
		<subfield code="a">al-Qāhirah :</subfield>
		<subfield code="b">Al-Hayʾat al-ʿāmmah li quṣūr al-thaqāfah,</subfield>
		<subfield code="c">2014</subfield>
	</datafield>
	<datafield ind1=" " ind2=" " tag="300">
		<subfield code="a">168 p. :</subfield>
		<subfield code="b">ill. ;</subfield>
		<subfield code="c">20 cm</subfield>
	</datafield>
	<datafield ind1=" " ind2=" " tag="336">
		<subfield code="b">txt</subfield>
		<subfield code="2">rdacontent</subfield>
	</datafield>
	<datafield ind1=" " ind2=" " tag="337">
		<subfield code="b">n</subfield>
		<subfield code="2">rdamedia</subfield>
	</datafield>
	<datafield ind1=" " ind2=" " tag="338">
		<subfield code="b">nc</subfield>
		<subfield code="2">rdacarrier</subfield>
	</datafield>
	<datafield ind1=" " ind2=" " tag="339">
		<subfield code="a">docmaintype_book</subfield>
		<subfield code="b">docsubtype_other_book</subfield>
	</datafield>
	<datafield ind1="1" ind2=" " tag="490">
		<subfield code="a">Silsilat ḥikāyat Miṣr</subfield>
		<subfield code="v">25</subfield>
	</datafield>
	<datafield ind1=" " ind2="7" tag="650">
		<subfield code="a">Quartiers anciens</subfield>
		<subfield code="2">rero</subfield>
	</datafield>
	<datafield ind1=" " ind2="7" tag="651">
		<subfield code="a">Fustāt (Egypte)</subfield>
		<subfield code="2">rero</subfield>
	</datafield>
	<datafield ind1=" " ind2="0" tag="830">
		<subfield code="a">Silsilat ḥikāyat Miṣr</subfield>
		<subfield code="v">25</subfield>
		<subfield code="w">REROILS:2000032</subfield>
	</datafield>
	<datafield ind1=" " ind2="1" tag="880">
		<subfield code="6">264-01/(3/r</subfield>
		<subfield code="a">القاهرة :</subfield>
		<subfield code="b">الهيئة العامة لقصور الثقافة,</subfield>
		<subfield code="c">2014</subfield>
	</datafield>
	<datafield ind1=" " ind2=" " tag="900">
		<subfield code="a">noselfmerge</subfield>
	</datafield>
	<datafield ind1=" " ind2=" " tag="902">
		<subfield code="a">geular</subfield>
		<subfield code="b">2015/07</subfield>
	</datafield>
	<datafield ind1=" " ind2=" " tag="957">
		<subfield code="a">geular</subfield>
	</datafield>
	<datafield ind1=" " ind2=" " tag="982">
		<subfield code="2">ge-ular</subfield>
		<subfield code="a">K 3 Cai a ABŪ</subfield>
	</datafield>
	<datafield ind1=" " ind2=" " tag="992">
		<subfield code="a">BFLA 263369</subfield>
		<subfield code="x">ge/ular/a/15/135</subfield>
	</datafield>
</record>