

<record>
	<leader>00952naa a22002657a 4500</leader>
	<controlfield tag="001">REROILS:220</controlfield>
	<controlfield tag="003">RERO</controlfield>
	<controlfield tag="005">20170518131500.0</controlfield>
	<controlfield tag="008">980412s1975    xx ||| |  ||||00|  0ger d</controlfield>
	<datafield ind1=" " ind2=" " tag="035">
		<subfield code="a">R003443429</subfield>
	</datafield>
	<datafield ind1=" " ind2="9" tag="039">
		<subfield code="a">201705181315</subfield>
		<subfield code="b">VLOAD</subfield>
		<subfield code="c">201605141122</subfield>
		<subfield code="d">VLOAD</subfield>
		<subfield code="c">201210191804</subfield>
		<subfield code="d">VLOAD</subfield>
		<subfield code="c">201112192158</subfield>
		<subfield code="d">VLOAD</subfield>
		<subfield code="y">200506232310</subfield>
		<subfield code="z">VLOAD</subfield>
	</datafield>
	<datafield ind1=" " ind2=" " tag="040">
		<subfield code="a">RERO gewcc-</subfield>
	</datafield>
	<datafield ind1=" " ind2="7" tag="072">
		<subfield code="a">s1th</subfield>
		<subfield code="2">rero</subfield>
	</datafield>
	<datafield ind1="1" ind2=" " tag="100">
		<subfield code="a">Anson, Gunars</subfield>
		<subfield code="4">cre</subfield>
	</datafield>
	<datafield ind1="1" ind2="0" tag="245">
		<subfield code="a">Spannung in der Ökumene /</subfield>
		<subfield code="c">Gunars Anson</subfield>
	</datafield>
	<datafield ind1=" " ind2="1" tag="264">
		<subfield code="c">1975</subfield>
	</datafield>
	<datafield ind1=" " ind2=" " tag="336">
		<subfield code="b">txt</subfield>
		<subfield code="2">rdacontent</subfield>
	</datafield>
	<datafield ind1=" " ind2=" " tag="337">
		<subfield code="b">n</subfield>
		<subfield code="2">rdamedia</subfield>
	</datafield>
	<datafield ind1=" " ind2=" " tag="338">
		<subfield code="b">nc</subfield>
		<subfield code="2">rdacarrier</subfield>
	</datafield>
	<datafield ind1=" " ind2=" " tag="339">
		<subfield code="a">docmaintype_article</subfield>
	</datafield>
	<datafield ind1=" " ind2=" " tag="580">
		<subfield code="a">In: Lutherische Rundschau : Zeitschrift des Lutherischen Weltbundes ; v. 25 (1975) no. 3, p. 195-221</subfield>
	</datafield>
	<datafield ind1="1" ind2=" " tag="773">
		<subfield code="t">Lutherische Rundschau : Zeitschrift des Lutherischen Weltbundes</subfield>
		<subfield code="g">v. 25 (1975) no. 3, p. 195-221</subfield>
		<subfield code="w">REROILS:2000034</subfield>
	</datafield>
	<datafield ind1=" " ind2=" " tag="957">
		<subfield code="a">gewcc-</subfield>
	</datafield>
	<datafield ind1=" " ind2=" " tag="982">
		<subfield code="2">wccsh</subfield>
		<subfield code="a">Ecumenical movement</subfield>
		<subfield code="e">[LCSH]</subfield>
	</datafield>
	<datafield ind1=" " ind2=" " tag="982">
		<subfield code="2">wccsh</subfield>
		<subfield code="a">Ecumenical movement</subfield>
		<subfield code="d">1968-1983</subfield>
	</datafield>
</record>