

<record>
	<leader>01553nam a2200421 a 4500</leader>
	<controlfield tag="001">REROILS:166</controlfield>
	<controlfield tag="003">RERO</controlfield>
	<controlfield tag="005">20200121104900.0</controlfield>
	<controlfield tag="008">000928s2000    it ||| |  ||||00|  |ita d</controlfield>
	<datafield ind1=" " ind2=" " tag="020">
		<subfield code="a">9788820328153</subfield>
	</datafield>
	<datafield ind1=" " ind2=" " tag="035">
		<subfield code="a">R274762360</subfield>
	</datafield>
	<datafield ind1=" " ind2=" " tag="039">
		<subfield code="b">7552i</subfield>
	</datafield>
	<datafield ind1=" " ind2="9" tag="039">
		<subfield code="a">202001211049</subfield>
		<subfield code="b">VLOAD</subfield>
		<subfield code="c">201706111323</subfield>
		<subfield code="d">VLOAD</subfield>
		<subfield code="c">201402191521</subfield>
		<subfield code="d">7554</subfield>
		<subfield code="c">201402191521</subfield>
		<subfield code="d">7554</subfield>
		<subfield code="y">200009282052</subfield>
		<subfield code="z">VLOAD</subfield>
	</datafield>
	<datafield ind1=" " ind2=" " tag="040">
		<subfield code="a">RERO gecjpj</subfield>
	</datafield>
	<datafield ind1=" " ind2="7" tag="072">
		<subfield code="a">s1dr</subfield>
		<subfield code="2">rero</subfield>
	</datafield>
	<datafield ind1="0" ind2="0" tag="245">
		<subfield code="a">Codice di procedura penale [2000] :</subfield>
		<subfield code="b">con le norme di attuazione e regolamentari, appendice di leggi usuali, indici sommario, cronologico e analitico-alfabetico /</subfield>
		<subfield code="c">Santo Ferrari, Roberto e Giorgio Ferrari</subfield>
	</datafield>
	<datafield ind1=" " ind2="1" tag="264">
		<subfield code="a">Milano :</subfield>
		<subfield code="b">U. Hoepli,</subfield>
		<subfield code="c">2000</subfield>
	</datafield>
	<datafield ind1=" " ind2=" " tag="300">
		<subfield code="a">XXXIII, 512, 21 p. ;</subfield>
		<subfield code="c">17 cm</subfield>
	</datafield>
	<datafield ind1=" " ind2=" " tag="336">
		<subfield code="b">txt</subfield>
		<subfield code="2">rdacontent</subfield>
	</datafield>
	<datafield ind1=" " ind2=" " tag="337">
		<subfield code="b">n</subfield>
		<subfield code="2">rdamedia</subfield>
	</datafield>
	<datafield ind1=" " ind2=" " tag="338">
		<subfield code="b">nc</subfield>
		<subfield code="2">rdacarrier</subfield>
	</datafield>
	<datafield ind1=" " ind2=" " tag="339">
		<subfield code="a">docmaintype_book</subfield>
		<subfield code="b">docsubtype_other_book</subfield>
	</datafield>
	<datafield ind1="1" ind2=" " tag="490">
		<subfield code="a">Codici e leggi d'Italia</subfield>
	</datafield>
	<datafield ind1=" " ind2="7" tag="650">
		<subfield code="a">Droit pénal</subfield>
		<subfield code="2">rero</subfield>
	</datafield>
	<datafield ind1=" " ind2="7" tag="650">
		<subfield code="a">Procédure pénale</subfield>
		<subfield code="2">rero</subfield>
	</datafield>
	<datafield ind1=" " ind2="7" tag="651">
		<subfield code="a">Italie</subfield>
		<subfield code="2">rero</subfield>
		<subfield code="0">(IdRef)027235408</subfield>
	</datafield>
	<datafield ind1=" " ind2="7" tag="655">
		<subfield code="a">[texte législatif]</subfield>
		<subfield code="2">rerovoc</subfield>
	</datafield>
	<datafield ind1="1" ind2=" " tag="700">
		<subfield code="a">Ferrari, Santo</subfield>
		<subfield code="0">(IdRef)176678980</subfield>
	</datafield>
	<datafield ind1="2" ind2="2" tag="710">
		<subfield code="a">Italia. -</subfield>
		<subfield code="t">Code pénal</subfield>
	</datafield>
	<datafield ind1=" " ind2="0" tag="830">
		<subfield code="a">Codici e leggi d'Italia</subfield>
		<subfield code="w">REROILS:2000036</subfield>
	</datafield>
	<datafield ind1=" " ind2=" " tag="900">
		<subfield code="a">bdsns</subfield>
	</datafield>
	<datafield ind1=" " ind2=" " tag="900">
		<subfield code="a">noselfmerge</subfield>
	</datafield>
	<datafield ind1=" " ind2=" " tag="906">
		<subfield code="a">tcvs</subfield>
		<subfield code="b">2001/05</subfield>
	</datafield>
	<datafield ind1=" " ind2=" " tag="919">
		<subfield code="9">650 _7</subfield>
		<subfield code="a">droit pénal</subfield>
		<subfield code="z">Italie</subfield>
		<subfield code="v">[texte législatif]</subfield>
		<subfield code="2">chrero</subfield>
	</datafield>
	<datafield ind1=" " ind2=" " tag="919">
		<subfield code="9">650 _7</subfield>
		<subfield code="a">procédure pénale</subfield>
		<subfield code="z">Italie</subfield>
		<subfield code="v">[texte législatif]</subfield>
		<subfield code="2">chrero</subfield>
	</datafield>
	<datafield ind1=" " ind2=" " tag="973">
		<subfield code="a">vstcvs</subfield>
	</datafield>
	<datafield ind1=" " ind2=" " tag="980">
		<subfield code="2">dr-sys</subfield>
		<subfield code="a">CA/I 98 b</subfield>
	</datafield>
</record>