

<record>
	<leader>01457nam a22004572a 4500</leader>
	<controlfield tag="001">REROILS:290</controlfield>
	<controlfield tag="003">RERO</controlfield>
	<controlfield tag="005">20190830143300.0</controlfield>
	<controlfield tag="008">110218s2002    fr ||| |  ||||00|  |fre d</controlfield>
	<datafield ind1=" " ind2=" " tag="019">
		<subfield code="a">Notice créée dans le cadre de la migration de la BM Delémont</subfield>
		<subfield code="9">jubmdj/04.2011</subfield>
	</datafield>
	<datafield ind1=" " ind2=" " tag="020">
		<subfield code="a">9782070548019</subfield>
	</datafield>
	<datafield ind1=" " ind2=" " tag="035">
		<subfield code="a">R006032620</subfield>
	</datafield>
	<datafield ind1=" " ind2="9" tag="039">
		<subfield code="a">201908301433</subfield>
		<subfield code="b">0562</subfield>
		<subfield code="c">201804031639</subfield>
		<subfield code="d">VLOAD</subfield>
		<subfield code="c">201707051928</subfield>
		<subfield code="d">VLOAD</subfield>
		<subfield code="c">201705301333</subfield>
		<subfield code="d">VLOAD</subfield>
		<subfield code="y">201106171547</subfield>
		<subfield code="z">VLOAD</subfield>
	</datafield>
	<datafield ind1=" " ind2=" " tag="040">
		<subfield code="a">RERO jubmdj</subfield>
	</datafield>
	<datafield ind1=" " ind2="7" tag="072">
		<subfield code="a">s1zz</subfield>
		<subfield code="2">rero</subfield>
	</datafield>
	<datafield ind1="1" ind2=" " tag="100">
		<subfield code="a">Bichonnier, Henriette</subfield>
		<subfield code="4">cre</subfield>
		<subfield code="0">(IdRef)026727587</subfield>
	</datafield>
	<datafield ind1="1" ind2="3" tag="245">
		<subfield code="a">Le roi des bons /</subfield>
		<subfield code="c">Henriette Bichonnier, Pef</subfield>
	</datafield>
	<datafield ind1=" " ind2="1" tag="264">
		<subfield code="a">Paris :</subfield>
		<subfield code="b">Gallimard,</subfield>
		<subfield code="c">2002</subfield>
	</datafield>
	<datafield ind1=" " ind2=" " tag="300">
		<subfield code="c">23 cm</subfield>
	</datafield>
	<datafield ind1=" " ind2=" " tag="336">
		<subfield code="b">txt</subfield>
		<subfield code="2">rdacontent</subfield>
	</datafield>
	<datafield ind1=" " ind2=" " tag="337">
		<subfield code="b">n</subfield>
		<subfield code="2">rdamedia</subfield>
	</datafield>
	<datafield ind1=" " ind2=" " tag="338">
		<subfield code="b">nc</subfield>
		<subfield code="2">rdacarrier</subfield>
	</datafield>
	<datafield ind1=" " ind2=" " tag="339">
		<subfield code="a">docmaintype_book</subfield>
		<subfield code="b">docsubtype_other_book</subfield>
	</datafield>
	<datafield ind1="0" ind2=" " tag="490">
		<subfield code="a">Folio benjamin</subfield>
		<subfield code="v">45</subfield>
	</datafield>
	<datafield ind1="8" ind2=" " tag="520">
		<subfield code="a">Fictions jeunesse</subfield>
		<subfield code="9">frvhep/09.2011</subfield>
	</datafield>
	<datafield ind1=" " ind2=" " tag="521">
		<subfield code="a">Harmos4</subfield>
		<subfield code="9">frvhep/09.2011</subfield>
	</datafield>
	<datafield ind1=" " ind2=" " tag="521">
		<subfield code="a">Harmos5</subfield>
		<subfield code="9">frvhep/09.2011</subfield>
	</datafield>
	<datafield ind1=" " ind2=" " tag="521">
		<subfield code="a">Enfants (6-9 ans)</subfield>
		<subfield code="9">vdcris/08.2013</subfield>
	</datafield>
	<datafield ind1=" " ind2=" " tag="521">
		<subfield code="a">Enfants (6-9 ans)</subfield>
		<subfield code="9">vsbcvs/07.2014</subfield>
	</datafield>
	<datafield ind1="0" ind2=" " tag="700">
		<subfield code="a">Pef,</subfield>
		<subfield code="d">1939-</subfield>
	</datafield>
	<datafield ind1=" " ind2=" " tag="900">
		<subfield code="a">noselfmerge</subfield>
	</datafield>
	<datafield ind1=" " ind2=" " tag="904">
		<subfield code="a">jubmdjre op115743</subfield>
	</datafield>
	<datafield ind1=" " ind2=" " tag="919">
		<subfield code="a">BEAUTE</subfield>
		<subfield code="x">Roman</subfield>
		<subfield code="2">choix</subfield>
	</datafield>
	<datafield ind1=" " ind2=" " tag="919">
		<subfield code="a">LAIDEUR</subfield>
		<subfield code="x">Roman</subfield>
		<subfield code="2">choix</subfield>
	</datafield>
	<datafield ind1=" " ind2=" " tag="919">
		<subfield code="a">ROI ET REINE</subfield>
		<subfield code="x">Roman</subfield>
		<subfield code="2">choix</subfield>
	</datafield>
	<datafield ind1=" " ind2=" " tag="934">
		<subfield code="a">cip 36545</subfield>
	</datafield>
	<datafield ind1=" " ind2=" " tag="960">
		<subfield code="a">bemcip jubmdj</subfield>
	</datafield>
	<datafield ind1=" " ind2=" " tag="973">
		<subfield code="a">vsbcvs</subfield>
	</datafield>
	<datafield ind1=" " ind2=" " tag="984">
		<subfield code="2">jubmd</subfield>
		<subfield code="a">HISTOIRE DE PRINCE ET DE PRINCESSE</subfield>
		<subfield code="e">[Album]</subfield>
	</datafield>
	<datafield ind1=" " ind2=" " tag="984">
		<subfield code="2">jubmd</subfield>
		<subfield code="a">HUMOUR</subfield>
		<subfield code="e">[Album]</subfield>
	</datafield>
</record>