

<record>
	<leader>01041naa a22002777a 4500</leader>
	<controlfield tag="001">REROILS:127</controlfield>
	<controlfield tag="003">RERO</controlfield>
	<controlfield tag="005">20170518145200.0</controlfield>
	<controlfield tag="008">980412s1994    xx ||| |  ||||00|  0eng d</controlfield>
	<datafield ind1=" " ind2=" " tag="035">
		<subfield code="a">R003472624</subfield>
	</datafield>
	<datafield ind1=" " ind2="9" tag="039">
		<subfield code="a">201705181452</subfield>
		<subfield code="b">VLOAD</subfield>
		<subfield code="c">201605141216</subfield>
		<subfield code="d">VLOAD</subfield>
		<subfield code="c">201210191835</subfield>
		<subfield code="d">VLOAD</subfield>
		<subfield code="c">201112192348</subfield>
		<subfield code="d">VLOAD</subfield>
		<subfield code="y">200506240030</subfield>
		<subfield code="z">VLOAD</subfield>
	</datafield>
	<datafield ind1=" " ind2=" " tag="040">
		<subfield code="a">RERO gewcc-</subfield>
	</datafield>
	<datafield ind1=" " ind2="7" tag="072">
		<subfield code="a">s1th</subfield>
		<subfield code="2">rero</subfield>
	</datafield>
	<datafield ind1="1" ind2=" " tag="100">
		<subfield code="a">Watson, J. Francis</subfield>
		<subfield code="4">cre</subfield>
	</datafield>
	<datafield ind1="1" ind2="0" tag="245">
		<subfield code="a">Martin Chemnitz and the Eastern Church :</subfield>
		<subfield code="b">A christology of the Catholic consensus of the Fathers /</subfield>
		<subfield code="c">J. Francis Watson</subfield>
	</datafield>
	<datafield ind1=" " ind2="1" tag="264">
		<subfield code="c">1994</subfield>
	</datafield>
	<datafield ind1=" " ind2=" " tag="336">
		<subfield code="b">txt</subfield>
		<subfield code="2">rdacontent</subfield>
	</datafield>
	<datafield ind1=" " ind2=" " tag="337">
		<subfield code="b">n</subfield>
		<subfield code="2">rdamedia</subfield>
	</datafield>
	<datafield ind1=" " ind2=" " tag="338">
		<subfield code="b">nc</subfield>
		<subfield code="2">rdacarrier</subfield>
	</datafield>
	<datafield ind1=" " ind2=" " tag="339">
		<subfield code="a">docmaintype_article</subfield>
	</datafield>
	<datafield ind1=" " ind2=" " tag="580">
		<subfield code="a">In: St. Vladimir's Theological Quarterly ; vol. 38, no. 1, 1994, p. 73-86</subfield>
	</datafield>
	<datafield ind1="1" ind2=" " tag="773">
		<subfield code="t">St. Vladimir's theological quarterly</subfield>
		<subfield code="g">vol. 38, no. 1, 1994, p. 73-86</subfield>
		<subfield code="w">REROILS:2000038</subfield>
	</datafield>
	<datafield ind1=" " ind2=" " tag="957">
		<subfield code="a">gewcc-</subfield>
	</datafield>
	<datafield ind1=" " ind2=" " tag="982">
		<subfield code="2">wccsh</subfield>
		<subfield code="a">Lutheran-Orthodox dialogue</subfield>
	</datafield>
	<datafield ind1=" " ind2=" " tag="982">
		<subfield code="2">wccsh</subfield>
		<subfield code="a">Jesus Christ</subfield>
		<subfield code="d">Person and offices</subfield>
		<subfield code="e">[LCSH]</subfield>
	</datafield>
	<datafield ind1=" " ind2=" " tag="982">
		<subfield code="2">wccsh</subfield>
		<subfield code="a">Chemnitz, Martin (1522-1586)</subfield>
	</datafield>
</record>