

<record>
	<leader>01969nam a22003732a 4500</leader>
	<controlfield tag="001">REROILS:209</controlfield>
	<controlfield tag="003">RERO</controlfield>
	<controlfield tag="005">20180403163800.0</controlfield>
	<controlfield tag="008">110218s2001    fr ||| |  ||||00|  |fre d</controlfield>
	<datafield ind1=" " ind2=" " tag="019">
		<subfield code="a">Notice créée dans le cadre de la migration de la BM Delémont</subfield>
		<subfield code="9">jubmda/06.2011</subfield>
	</datafield>
	<datafield ind1=" " ind2=" " tag="020">
		<subfield code="a">9782701131481</subfield>
	</datafield>
	<datafield ind1="7" ind2=" " tag="024">
		<subfield code="a">http://catalogue.bnf.fr/ark:/12148/cb38904506f</subfield>
		<subfield code="2">uri</subfield>
	</datafield>
	<datafield ind1=" " ind2=" " tag="035">
		<subfield code="a">R006032529</subfield>
	</datafield>
	<datafield ind1=" " ind2="9" tag="039">
		<subfield code="a">201804031638</subfield>
		<subfield code="b">VLOAD</subfield>
		<subfield code="c">201705301333</subfield>
		<subfield code="d">VLOAD</subfield>
		<subfield code="c">201605151649</subfield>
		<subfield code="d">VLOAD</subfield>
		<subfield code="c">201604281508</subfield>
		<subfield code="d">8698</subfield>
		<subfield code="y">201106171546</subfield>
		<subfield code="z">VLOAD</subfield>
	</datafield>
	<datafield ind1=" " ind2=" " tag="040">
		<subfield code="a">RERO jubmda</subfield>
	</datafield>
	<datafield ind1=" " ind2="7" tag="072">
		<subfield code="a">s1zz</subfield>
		<subfield code="2">rero</subfield>
	</datafield>
	<datafield ind1="1" ind2=" " tag="100">
		<subfield code="a">Overnoy, Sylvie</subfield>
		<subfield code="4">cre</subfield>
		<subfield code="0">(IdRef)050769561</subfield>
	</datafield>
	<datafield ind1="1" ind2="0" tag="245">
		<subfield code="a">Bienvenue au club! :</subfield>
		<subfield code="b">journal intime du cheval Crac /</subfield>
		<subfield code="c">Sylvie Overnoy</subfield>
	</datafield>
	<datafield ind1=" " ind2="1" tag="264">
		<subfield code="a">Paris :</subfield>
		<subfield code="b">Belin,</subfield>
		<subfield code="c">2001</subfield>
	</datafield>
	<datafield ind1=" " ind2=" " tag="300">
		<subfield code="a">189 p. ;</subfield>
		<subfield code="c">24 cm</subfield>
	</datafield>
	<datafield ind1=" " ind2=" " tag="336">
		<subfield code="b">txt</subfield>
		<subfield code="2">rdacontent</subfield>
	</datafield>
	<datafield ind1=" " ind2=" " tag="337">
		<subfield code="b">n</subfield>
		<subfield code="2">rdamedia</subfield>
	</datafield>
	<datafield ind1=" " ind2=" " tag="338">
		<subfield code="b">nc</subfield>
		<subfield code="2">rdacarrier</subfield>
	</datafield>
	<datafield ind1=" " ind2=" " tag="339">
		<subfield code="a">docmaintype_book</subfield>
		<subfield code="b">docsubtype_other_book</subfield>
	</datafield>
	<datafield ind1="8" ind2=" " tag="520">
		<subfield code="a">Crac paissait bien tranquille sous le vieux pommier, jusqu'à ce qu'on vienne l'arracher à son pré pour en faire un cheval de club. Mais qu'attend-on de lui au juste ? Qui sont tous ces gens ? Que va-t-on lui faire ? Et les autres chevaux pourraient-ils cesser de lui envoyer des coups de pied ?</subfield>
		<subfield code="9">vdcopp/01.2015</subfield>
	</datafield>
	<datafield ind1="8" ind2=" " tag="520">
		<subfield code="a">Originalité de ce roman: c'est Crac lui-même qui s'exprime. On a le point de vue du cheval, aussi bien sur des carottes qui poussent, sur certains cavaliers, que sur les &quot;choses difficiles&quot; à exécuter lors des reprises. Pendant un an, Crac raconte au jour le jour la vie de son club, avec tant de naturel et de réalisme qu'on s'y croit vraiment.</subfield>
		<subfield code="9">vdecub/06.2015</subfield>
	</datafield>
	<datafield ind1=" " ind2=" " tag="521">
		<subfield code="a">Adolescents (12-15 ans)</subfield>
		<subfield code="9">vdcopp/01.2015</subfield>
	</datafield>
	<datafield ind1=" " ind2=" " tag="900">
		<subfield code="a">noselfmerge</subfield>
	</datafield>
	<datafield ind1=" " ind2=" " tag="904">
		<subfield code="a">jubmdare op114971</subfield>
	</datafield>
	<datafield ind1=" " ind2=" " tag="960">
		<subfield code="a">jubmda</subfield>
	</datafield>
	<datafield ind1=" " ind2=" " tag="984">
		<subfield code="2">jubmd</subfield>
		<subfield code="a">798</subfield>
	</datafield>
	<datafield ind1=" " ind2=" " tag="984">
		<subfield code="2">jubmd</subfield>
		<subfield code="a">CHEVAL</subfield>
	</datafield>
	<datafield ind1=" " ind2=" " tag="984">
		<subfield code="2">jubmd</subfield>
		<subfield code="a">EQUITATION</subfield>
	</datafield>
</record>