

<record>
	<leader>01197naa a22002777a 4500</leader>
	<controlfield tag="001">REROILS:245</controlfield>
	<controlfield tag="003">RERO</controlfield>
	<controlfield tag="005">20170518121300.0</controlfield>
	<controlfield tag="008">980412s1977    xx ||| |  ||||00|  0ger d</controlfield>
	<datafield ind1=" " ind2=" " tag="035">
		<subfield code="a">R003425527</subfield>
	</datafield>
	<datafield ind1=" " ind2="9" tag="039">
		<subfield code="a">201705181213</subfield>
		<subfield code="b">VLOAD</subfield>
		<subfield code="c">201605141044</subfield>
		<subfield code="d">VLOAD</subfield>
		<subfield code="c">201210181857</subfield>
		<subfield code="d">VLOAD</subfield>
		<subfield code="c">201112192050</subfield>
		<subfield code="d">VLOAD</subfield>
		<subfield code="y">200506232213</subfield>
		<subfield code="z">VLOAD</subfield>
	</datafield>
	<datafield ind1=" " ind2=" " tag="040">
		<subfield code="a">RERO gewcc-</subfield>
	</datafield>
	<datafield ind1=" " ind2="7" tag="072">
		<subfield code="a">s1th</subfield>
		<subfield code="2">rero</subfield>
	</datafield>
	<datafield ind1="0" ind2="0" tag="245">
		<subfield code="a">Folgerungen nach Nairobi für unsere Kirchen</subfield>
	</datafield>
	<datafield ind1=" " ind2="1" tag="264">
		<subfield code="a">Zürich :</subfield>
		<subfield code="b">Evangelisch-Reformierte Landeskirche des Kantons Zürich,</subfield>
		<subfield code="c">1977</subfield>
	</datafield>
	<datafield ind1=" " ind2=" " tag="300">
		<subfield code="a">9 p. ;</subfield>
		<subfield code="c">21 cm</subfield>
	</datafield>
	<datafield ind1=" " ind2=" " tag="336">
		<subfield code="b">txt</subfield>
		<subfield code="2">rdacontent</subfield>
	</datafield>
	<datafield ind1=" " ind2=" " tag="337">
		<subfield code="b">n</subfield>
		<subfield code="2">rdamedia</subfield>
	</datafield>
	<datafield ind1=" " ind2=" " tag="338">
		<subfield code="b">nc</subfield>
		<subfield code="2">rdacarrier</subfield>
	</datafield>
	<datafield ind1=" " ind2=" " tag="339">
		<subfield code="a">docmaintype_article</subfield>
	</datafield>
	<datafield ind1=" " ind2=" " tag="580">
		<subfield code="a">In: Protokoll der Kirchensynode des Kantons Zürich, 24. Amtsdauer, 8. Sitzung ; Ausserordentliche Versammlung vom 18.1.1977, p. 23-32</subfield>
	</datafield>
	<datafield ind1="2" ind2=" " tag="710">
		<subfield code="a">Evangelisch-Reformierte Landeskirche des Kantons Zürich</subfield>
		<subfield code="0">(IdRef)122516176</subfield>
	</datafield>
	<datafield ind1="1" ind2=" " tag="773">
		<subfield code="t">Protokoll der Kirchensynode des Kantons Zürich, 24. Amtsdauer, 8. Sitzung</subfield>
		<subfield code="g">Ausserordentliche Versammlung vom 18.1.1977, p. 23-32</subfield>
	</datafield>
	<datafield ind1=" " ind2=" " tag="957">
		<subfield code="a">gewcc-</subfield>
	</datafield>
	<datafield ind1=" " ind2=" " tag="982">
		<subfield code="2">wccsh</subfield>
		<subfield code="a">Switzerland</subfield>
		<subfield code="d">Ecumenical movement</subfield>
	</datafield>
	<datafield ind1=" " ind2=" " tag="982">
		<subfield code="2">wccsh</subfield>
		<subfield code="a">World Council of Churches. Assembly (5th : 1975 : Nairobi, Kenya)</subfield>
		<subfield code="e">[LCSH]</subfield>
	</datafield>
</record>