

<record>
	<leader>00990caa a22002772a 4500</leader>
	<controlfield tag="001">REROILS:288</controlfield>
	<controlfield tag="003">RERO</controlfield>
	<controlfield tag="005">20200619065900.0</controlfield>
	<controlfield tag="008">150318s1818    stk||| |  ||||00|  |eng d</controlfield>
	<datafield ind1=" " ind2=" " tag="035">
		<subfield code="a">R008099167</subfield>
	</datafield>
	<datafield ind1=" " ind2="9" tag="039">
		<subfield code="a">202006190659</subfield>
		<subfield code="b">VLOAD</subfield>
		<subfield code="c">201705201040</subfield>
		<subfield code="d">VLOAD</subfield>
		<subfield code="c">201507091523</subfield>
		<subfield code="d">VLOAD</subfield>
		<subfield code="y">201503181612</subfield>
		<subfield code="z">6050</subfield>
	</datafield>
	<datafield ind1=" " ind2=" " tag="040">
		<subfield code="a">GBVCP</subfield>
		<subfield code="d">RERO gevbge</subfield>
	</datafield>
	<datafield ind1=" " ind2="7" tag="072">
		<subfield code="a">s1me</subfield>
		<subfield code="2">rero</subfield>
	</datafield>
	<datafield ind1="1" ind2=" " tag="100">
		<subfield code="a">Abercrombie, John,</subfield>
		<subfield code="c">psychologue</subfield>
		<subfield code="4">cre</subfield>
	</datafield>
	<datafield ind1="1" ind2="0" tag="245">
		<subfield code="a">Observations on chronic inflammation of the brain and its membranes /</subfield>
		<subfield code="c">by John Abercrombie</subfield>
	</datafield>
	<datafield ind1=" " ind2=" " tag="300">
		<subfield code="a">in-8</subfield>
	</datafield>
	<datafield ind1=" " ind2=" " tag="336">
		<subfield code="b">txt</subfield>
		<subfield code="2">rdacontent</subfield>
	</datafield>
	<datafield ind1=" " ind2=" " tag="337">
		<subfield code="b">n</subfield>
		<subfield code="2">rdamedia</subfield>
	</datafield>
	<datafield ind1=" " ind2=" " tag="338">
		<subfield code="b">nc</subfield>
		<subfield code="2">rdacarrier</subfield>
	</datafield>
	<datafield ind1=" " ind2=" " tag="339">
		<subfield code="a">docmaintype_article</subfield>
	</datafield>
	<datafield ind1=" " ind2=" " tag="580">
		<subfield code="a">In : Edinburgh medical and surgical journal. - Edinburgh. - No. 55(1818), 64 p.</subfield>
	</datafield>
	<datafield ind1="1" ind2=" " tag="773">
		<subfield code="t">Edinburgh medical journal</subfield>
		<subfield code="g">1818/55</subfield>
		<subfield code="w">REROILS:176</subfield>
	</datafield>
	<datafield ind1=" " ind2="1" tag="900">
		<subfield code="a">OCoLC</subfield>
		<subfield code="b">20150318</subfield>
		<subfield code="c">Droits réservés</subfield>
	</datafield>
	<datafield ind1=" " ind2=" " tag="900">
		<subfield code="a">swissbibnomerge</subfield>
	</datafield>
	<datafield ind1=" " ind2=" " tag="957">
		<subfield code="a">gevbge</subfield>
	</datafield>
</record>