

<record>
	<leader>01296nam a2200349uia4500</leader>
	<controlfield tag="001">REROILS:82</controlfield>
	<controlfield tag="003">RERO</controlfield>
	<controlfield tag="005">20200120211300.0</controlfield>
	<controlfield tag="008">190612s1860    xxk           00    eng d</controlfield>
	<datafield ind1=" " ind2=" " tag="035">
		<subfield code="a">R008933628</subfield>
	</datafield>
	<datafield ind1=" " ind2="7" tag="039">
		<subfield code="b">7841</subfield>
	</datafield>
	<datafield ind1=" " ind2="9" tag="039">
		<subfield code="a">202001202113</subfield>
		<subfield code="b">VLOAD</subfield>
		<subfield code="c">201908231505</subfield>
		<subfield code="d">7951</subfield>
		<subfield code="c">201906122208</subfield>
		<subfield code="d">VLOAD</subfield>
		<subfield code="y">201906121047</subfield>
		<subfield code="z">7841</subfield>
	</datafield>
	<datafield ind1=" " ind2=" " tag="040">
		<subfield code="a">SzZuIDS BS/BE A100</subfield>
		<subfield code="b">ger</subfield>
		<subfield code="e">kids</subfield>
		<subfield code="d">RERO geuchr</subfield>
	</datafield>
	<datafield ind1=" " ind2="7" tag="072">
		<subfield code="a">s1th</subfield>
		<subfield code="2">rero</subfield>
	</datafield>
	<datafield ind1="1" ind2=" " tag="100">
		<subfield code="a">Young, M</subfield>
		<subfield code="4">aut</subfield>
	</datafield>
	<datafield ind1="1" ind2="4" tag="245">
		<subfield code="a">The life and times of Aonio Paleario :</subfield>
		<subfield code="b">or, A history of the Italian reformers in the sixteenth century illustrated by original letters and unedited documents /</subfield>
		<subfield code="c">by M. Young</subfield>
	</datafield>
	<datafield ind1=" " ind2="1" tag="264">
		<subfield code="a">London :</subfield>
		<subfield code="b">Bell and Daldy,</subfield>
		<subfield code="c">1860</subfield>
	</datafield>
	<datafield ind1=" " ind2=" " tag="300">
		<subfield code="a">2 vol. ;</subfield>
		<subfield code="c">23 cm</subfield>
	</datafield>
	<datafield ind1=" " ind2=" " tag="336">
		<subfield code="b">txt</subfield>
		<subfield code="2">rdacontent</subfield>
	</datafield>
	<datafield ind1=" " ind2=" " tag="337">
		<subfield code="b">n</subfield>
		<subfield code="2">rdamedia</subfield>
	</datafield>
	<datafield ind1=" " ind2=" " tag="338">
		<subfield code="b">nc</subfield>
		<subfield code="2">rdacarrier</subfield>
	</datafield>
	<datafield ind1=" " ind2=" " tag="339">
		<subfield code="a">docmaintype_book</subfield>
		<subfield code="b">docsubtype_other_book</subfield>
	</datafield>
	<datafield ind1="1" ind2="7" tag="600">
		<subfield code="a">Paleario, Aonio</subfield>
		<subfield code="2">rero</subfield>
	</datafield>
	<datafield ind1=" " ind2="7" tag="650">
		<subfield code="a">16e siècle</subfield>
		<subfield code="2">rero</subfield>
	</datafield>
	<datafield ind1=" " ind2="7" tag="650">
		<subfield code="a">Réforme protestante</subfield>
		<subfield code="2">rero</subfield>
	</datafield>
	<datafield ind1=" " ind2="7" tag="651">
		<subfield code="a">Italie</subfield>
		<subfield code="2">rero</subfield>
		<subfield code="0">(IdRef)027235408</subfield>
	</datafield>
	<datafield ind1="4" ind2="1" tag="856">
		<subfield code="u">https://archive.org/details/aoniopaleario01younuoft</subfield>
		<subfield code="z">Free eBook from the Internet Archive</subfield>
	</datafield>
	<datafield ind1="4" ind2="1" tag="856">
		<subfield code="u">https://archive.org/details/aoniopaleario02younuoft</subfield>
		<subfield code="z">Free eBook from the Internet Archive</subfield>
	</datafield>
	<datafield ind1=" " ind2="1" tag="900">
		<subfield code="a">IDS-BSBE</subfield>
		<subfield code="b">20190612</subfield>
		<subfield code="c">Droits réservés</subfield>
	</datafield>
	<datafield ind1=" " ind2=" " tag="900">
		<subfield code="a">noselfmerge</subfield>
	</datafield>
	<datafield ind1=" " ind2=" " tag="957">
		<subfield code="a">geuchr</subfield>
	</datafield>
	<datafield ind1=" " ind2=" " tag="992">
		<subfield code="a">MHR Vp 1</subfield>
		<subfield code="x">ge/mhr-/1338</subfield>
	</datafield>
</record>