

<record>
	<leader>01335nam a2200397 a 4500</leader>
	<controlfield tag="001">REROILS:44</controlfield>
	<controlfield tag="003">RERO</controlfield>
	<controlfield tag="005">20170520143000.0</controlfield>
	<controlfield tag="008">170104s2016    gw ||| |  ||||00|  |ger d</controlfield>
	<datafield ind1=" " ind2=" " tag="020">
		<subfield code="a">9782824608419</subfield>
	</datafield>
	<datafield ind1="7" ind2=" " tag="024">
		<subfield code="a">http://catalogue.bnf.fr/ark:/12148/cb45154894q</subfield>
		<subfield code="2">uri</subfield>
	</datafield>
	<datafield ind1=" " ind2=" " tag="035">
		<subfield code="a">R008579328</subfield>
	</datafield>
	<datafield ind1=" " ind2="9" tag="039">
		<subfield code="a">201705201430</subfield>
		<subfield code="b">VLOAD</subfield>
		<subfield code="c">201703021604</subfield>
		<subfield code="d">3314</subfield>
		<subfield code="c">201702271536</subfield>
		<subfield code="d">3325</subfield>
		<subfield code="c">201701260926</subfield>
		<subfield code="d">3317</subfield>
		<subfield code="y">201701041534</subfield>
		<subfield code="z">1131</subfield>
	</datafield>
	<datafield ind1=" " ind2=" " tag="040">
		<subfield code="a">RERO vsbcce</subfield>
	</datafield>
	<datafield ind1="1" ind2=" " tag="041">
		<subfield code="a">fre</subfield>
		<subfield code="h">ger</subfield>
	</datafield>
	<datafield ind1=" " ind2="7" tag="072">
		<subfield code="a">s1al</subfield>
		<subfield code="2">rero</subfield>
	</datafield>
	<datafield ind1="1" ind2=" " tag="100">
		<subfield code="a">Walden, Laura</subfield>
		<subfield code="4">cre</subfield>
		<subfield code="0">(IdRef)199473927</subfield>
	</datafield>
	<datafield ind1="1" ind2="3" tag="245">
		<subfield code="a">La terre des silences /</subfield>
		<subfield code="c">Laura Walden ; trad. de l'allemand par Brigitte Déchin... [et al.]</subfield>
	</datafield>
	<datafield ind1=" " ind2="1" tag="264">
		<subfield code="a">[Lieu de publication non identifié] :</subfield>
		<subfield code="b">City,</subfield>
		<subfield code="c">2016</subfield>
	</datafield>
	<datafield ind1=" " ind2=" " tag="300">
		<subfield code="a">446 p.</subfield>
	</datafield>
	<datafield ind1=" " ind2=" " tag="336">
		<subfield code="b">txt</subfield>
		<subfield code="2">rdacontent</subfield>
	</datafield>
	<datafield ind1=" " ind2=" " tag="337">
		<subfield code="b">n</subfield>
		<subfield code="2">rdamedia</subfield>
	</datafield>
	<datafield ind1=" " ind2=" " tag="338">
		<subfield code="b">nc</subfield>
		<subfield code="2">rdacarrier</subfield>
	</datafield>
	<datafield ind1=" " ind2=" " tag="339">
		<subfield code="a">docmaintype_book</subfield>
		<subfield code="b">docsubtype_other_book</subfield>
	</datafield>
	<datafield ind1="0" ind2=" " tag="490">
		<subfield code="a">Romans</subfield>
	</datafield>
	<datafield ind1="8" ind2=" " tag="520">
		<subfield code="a">Roman du terroir</subfield>
		<subfield code="9">nebpup/02.2017/3325</subfield>
	</datafield>
	<datafield ind1="1" ind2=" " tag="700">
		<subfield code="a">Déchin, Brigitte</subfield>
		<subfield code="0">(IdRef)057566860</subfield>
	</datafield>
	<datafield ind1=" " ind2=" " tag="900">
		<subfield code="a">noselfmerge</subfield>
	</datafield>
	<datafield ind1=" " ind2=" " tag="904">
		<subfield code="a">neroan</subfield>
	</datafield>
	<datafield ind1=" " ind2=" " tag="904">
		<subfield code="a">bpunlp</subfield>
		<subfield code="b">1703</subfield>
		<subfield code="c">02300</subfield>
	</datafield>
	<datafield ind1=" " ind2=" " tag="906">
		<subfield code="a">bcvs</subfield>
		<subfield code="b">2017/01</subfield>
		<subfield code="c">15</subfield>
	</datafield>
	<datafield ind1=" " ind2=" " tag="962">
		<subfield code="a">nebpup</subfield>
	</datafield>
	<datafield ind1=" " ind2=" " tag="973">
		<subfield code="a">vsbcce</subfield>
	</datafield>
	<datafield ind1=" " ind2=" " tag="994">
		<subfield code="a">BPUP R WALD Ter</subfield>
		<subfield code="x">ne/bpup/a/444823-4/2017</subfield>
	</datafield>
</record>