

<record>
	<leader>01054naa a22002777a 4500</leader>
	<controlfield tag="001">REROILS:35</controlfield>
	<controlfield tag="003">RERO</controlfield>
	<controlfield tag="005">20170518134200.0</controlfield>
	<controlfield tag="008">980412s1990    xx ||| |  ||||00|  0ger d</controlfield>
	<datafield ind1=" " ind2=" " tag="035">
		<subfield code="a">R003450620</subfield>
	</datafield>
	<datafield ind1=" " ind2="9" tag="039">
		<subfield code="a">201705181342</subfield>
		<subfield code="b">VLOAD</subfield>
		<subfield code="c">201605141138</subfield>
		<subfield code="d">VLOAD</subfield>
		<subfield code="c">201210191814</subfield>
		<subfield code="d">VLOAD</subfield>
		<subfield code="c">201112192228</subfield>
		<subfield code="d">VLOAD</subfield>
		<subfield code="y">200506232331</subfield>
		<subfield code="z">VLOAD</subfield>
	</datafield>
	<datafield ind1=" " ind2=" " tag="040">
		<subfield code="a">RERO gewcc-</subfield>
	</datafield>
	<datafield ind1=" " ind2="7" tag="072">
		<subfield code="a">s1th</subfield>
		<subfield code="2">rero</subfield>
	</datafield>
	<datafield ind1="1" ind2=" " tag="100">
		<subfield code="a">Reese, Günter</subfield>
		<subfield code="4">cre</subfield>
		<subfield code="0">(IdRef)251298299</subfield>
	</datafield>
	<datafield ind1="1" ind2="0" tag="245">
		<subfield code="a">Ökumene gewinnt Profil (XII) :</subfield>
		<subfield code="b">die Partnerschaft zwischen den Kirchenkreisen Koblenz und Agusan / Philippinen /</subfield>
		<subfield code="c">von Günther Reese</subfield>
	</datafield>
	<datafield ind1=" " ind2="1" tag="264">
		<subfield code="c">1990</subfield>
	</datafield>
	<datafield ind1=" " ind2=" " tag="336">
		<subfield code="b">txt</subfield>
		<subfield code="2">rdacontent</subfield>
	</datafield>
	<datafield ind1=" " ind2=" " tag="337">
		<subfield code="b">n</subfield>
		<subfield code="2">rdamedia</subfield>
	</datafield>
	<datafield ind1=" " ind2=" " tag="338">
		<subfield code="b">nc</subfield>
		<subfield code="2">rdacarrier</subfield>
	</datafield>
	<datafield ind1=" " ind2=" " tag="339">
		<subfield code="a">docmaintype_article</subfield>
	</datafield>
	<datafield ind1=" " ind2=" " tag="580">
		<subfield code="a">In: Ökumenische Rundschau ; Jg. 39, H. 4 (Okt. 1990), p. 440-453</subfield>
	</datafield>
	<datafield ind1="1" ind2=" " tag="773">
		<subfield code="t">Ökumenische Rundschau</subfield>
		<subfield code="g">Jg. 39, H. 4 (Okt. 1990), p. 440-453</subfield>
		<subfield code="w">REROILS:19</subfield>
	</datafield>
	<datafield ind1=" " ind2=" " tag="957">
		<subfield code="a">gewcc-</subfield>
	</datafield>
	<datafield ind1=" " ind2=" " tag="982">
		<subfield code="2">wccsh</subfield>
		<subfield code="a">Ecumenical movement</subfield>
		<subfield code="e">[LCSH]</subfield>
	</datafield>
	<datafield ind1=" " ind2=" " tag="982">
		<subfield code="2">wccsh</subfield>
		<subfield code="a">United Church of Christ in the Philippines</subfield>
	</datafield>
	<datafield ind1=" " ind2=" " tag="982">
		<subfield code="2">wccsh</subfield>
		<subfield code="a">Evangelische Kirche in Deutschland</subfield>
		<subfield code="e">[LCSH]</subfield>
	</datafield>
</record>