

<record>
	<leader>01937nas a2200433 a 4500</leader>
	<controlfield tag="001">REROILS:250</controlfield>
	<controlfield tag="003">RERO</controlfield>
	<controlfield tag="005">20190705131200.0</controlfield>
	<controlfield tag="008">040308c20039999sz |||p|| ||||0 || 0fre d</controlfield>
	<datafield ind1=" " ind2=" " tag="019">
		<subfield code="a">Cat. d'après la couv.</subfield>
		<subfield code="9">vsbcvs/12.1998</subfield>
	</datafield>
	<datafield ind1=" " ind2=" " tag="035">
		<subfield code="a">R003597475</subfield>
	</datafield>
	<datafield ind1=" " ind2="7" tag="039">
		<subfield code="b">1000</subfield>
	</datafield>
	<datafield ind1=" " ind2="9" tag="039">
		<subfield code="a">201907051312</subfield>
		<subfield code="b">VLOAD</subfield>
		<subfield code="c">201811162313</subfield>
		<subfield code="d">VLOAD</subfield>
		<subfield code="c">201807031903</subfield>
		<subfield code="d">VLOAD</subfield>
		<subfield code="c">201706111602</subfield>
		<subfield code="d">VLOAD</subfield>
		<subfield code="y">200403080915</subfield>
		<subfield code="z">1000</subfield>
	</datafield>
	<datafield ind1=" " ind2=" " tag="040">
		<subfield code="a">RERO vsbcvs</subfield>
	</datafield>
	<datafield ind1=" " ind2=" " tag="044">
		<subfield code="a">sz</subfield>
		<subfield code="c">ch-vs</subfield>
	</datafield>
	<datafield ind1=" " ind2="7" tag="072">
		<subfield code="a">s1go</subfield>
		<subfield code="2">rero</subfield>
	</datafield>
	<datafield ind1="0" ind2="3" tag="245">
		<subfield code="a">La Vallée du Gd-St-Bernard :</subfield>
		<subfield code="b">Liddes et Bourg-St-Pierre vous informent...</subfield>
	</datafield>
	<datafield ind1=" " ind2="1" tag="264">
		<subfield code="a">Bourg-Saint-Pierre :</subfield>
		<subfield code="b">Office du tourisme ;</subfield>
		<subfield code="a">Liddes :</subfield>
		<subfield code="b">Office du tourisme,</subfield>
		<subfield code="c">2003-</subfield>
	</datafield>
	<datafield ind1=" " ind2="3" tag="264">
		<subfield code="a">Martigny :</subfield>
		<subfield code="b">Centre rhodanien d'impr.</subfield>
	</datafield>
	<datafield ind1=" " ind2=" " tag="300">
		<subfield code="c">30 cm</subfield>
	</datafield>
	<datafield ind1=" " ind2=" " tag="310">
		<subfield code="a">Trimestriel</subfield>
	</datafield>
	<datafield ind1=" " ind2=" " tag="336">
		<subfield code="b">txt</subfield>
		<subfield code="2">rdacontent</subfield>
	</datafield>
	<datafield ind1=" " ind2=" " tag="337">
		<subfield code="b">n</subfield>
		<subfield code="2">rdamedia</subfield>
	</datafield>
	<datafield ind1=" " ind2=" " tag="338">
		<subfield code="b">nc</subfield>
		<subfield code="2">rdacarrier</subfield>
	</datafield>
	<datafield ind1=" " ind2=" " tag="339">
		<subfield code="a">docmaintype_serial</subfield>
	</datafield>
	<datafield ind1="0" ind2=" " tag="362">
		<subfield code="a">Année 13, n° 49(juin 2003)-</subfield>
	</datafield>
	<datafield ind1=" " ind2=" " tag="580">
		<subfield code="a">Suite de: SD Information : organe officiel d'information des Offices du tourisme de Liddes et Bourg-Saint-Pierre, des Pro-loco et bibliothèques d'Allein, Etroubles, Saint-Oyen et Saint-Rhémy-en-Bosses et l'Agence de promotion touristique du Grand-Saint-Bernard</subfield>
	</datafield>
	<datafield ind1=" " ind2="7" tag="651">
		<subfield code="a">Bourg-Saint-Pierre (Suisse, VS)</subfield>
		<subfield code="2">rero</subfield>
	</datafield>
	<datafield ind1=" " ind2="7" tag="651">
		<subfield code="a">Liddes (Suisse, VS)</subfield>
		<subfield code="2">rero</subfield>
	</datafield>
	<datafield ind1=" " ind2="7" tag="655">
		<subfield code="a">[Périodiques]</subfield>
		<subfield code="2">rero</subfield>
	</datafield>
	<datafield ind1="2" ind2=" " tag="710">
		<subfield code="a">Office du tourisme (Liddes)</subfield>
	</datafield>
	<datafield ind1="2" ind2=" " tag="710">
		<subfield code="a">Office du tourisme (Bourg-Saint-Pierre)</subfield>
	</datafield>
	<datafield ind1="1" ind2="0" tag="780">
		<subfield code="t">SD Information : organe officiel d'information des Offices du tourisme de Liddes et Bourg-Saint-Pierre, des Pro-loco et bibliothèques d'Allein, Etroubles, Saint-Oyen et Saint-Rhémy-en-Bosses et l'Agence de promotion touristique du Grand-Saint-Bernard</subfield>
		<subfield code="w">REROILS:2000040</subfield>
	</datafield>
	<datafield ind1=" " ind2=" " tag="900">
		<subfield code="a">noselfmerge</subfield>
	</datafield>
	<datafield ind1=" " ind2=" " tag="906">
		<subfield code="a">bvs</subfield>
	</datafield>
	<datafield ind1=" " ind2=" " tag="906">
		<subfield code="a">valais</subfield>
		<subfield code="b">2004/03</subfield>
	</datafield>
	<datafield ind1=" " ind2=" " tag="919">
		<subfield code="9">651 _7</subfield>
		<subfield code="a">Bourg-Saint-Pierre (Suisse, VS)</subfield>
		<subfield code="v">[périodique]</subfield>
		<subfield code="2">chrero</subfield>
	</datafield>
	<datafield ind1=" " ind2=" " tag="919">
		<subfield code="9">651 _7</subfield>
		<subfield code="a">Liddes (Suisse, VS)</subfield>
		<subfield code="v">[périodique]</subfield>
		<subfield code="2">chrero</subfield>
	</datafield>
	<datafield ind1=" " ind2=" " tag="973">
		<subfield code="a">vsbcvs</subfield>
	</datafield>
</record>