

<record>
	<leader>01892nas a22004217a 4500</leader>
	<controlfield tag="001">REROILS:54</controlfield>
	<controlfield tag="003">RERO</controlfield>
	<controlfield tag="005">20200117012900.0</controlfield>
	<controlfield tag="008">000929         xx |||m|| ||||0 || 0und d</controlfield>
	<datafield ind1=" " ind2=" " tag="019">
		<subfield code="a">!!! ATTENTION. CETTE COLLECTION N'A PAS DE SOUS-SERIES. Les indications se trouvant au dos du livre à côté de UTB (ex.: Betriebswirtschaft, Philosophie, etc.) déterminent les domaines d'application de l'ouvrage et par conséquent ne doivent pas être mentionnées en 490 et en 830 !!!</subfield>
		<subfield code="9">01.05.1991/frbcuc/mm</subfield>
	</datafield>
	<datafield ind1=" " ind2=" " tag="035">
		<subfield code="a">0338358</subfield>
	</datafield>
	<datafield ind1=" " ind2="9" tag="039">
		<subfield code="a">202001170129</subfield>
		<subfield code="b">VLOAD</subfield>
		<subfield code="c">201804191522</subfield>
		<subfield code="d">VLOAD</subfield>
		<subfield code="c">201705160805</subfield>
		<subfield code="d">VLOAD</subfield>
		<subfield code="c">201705091147</subfield>
		<subfield code="d">0022</subfield>
		<subfield code="y">1999022718030000</subfield>
		<subfield code="z">load</subfield>
	</datafield>
	<datafield ind1=" " ind2=" " tag="040">
		<subfield code="a">RERO</subfield>
	</datafield>
	<datafield ind1="0" ind2="0" tag="245">
		<subfield code="a">UTB für Wissenschaft :</subfield>
		<subfield code="b">Uni-Taschenbücher</subfield>
	</datafield>
	<datafield ind1="3" ind2=" " tag="246">
		<subfield code="a">UTB</subfield>
	</datafield>
	<datafield ind1="3" ind2=" " tag="246">
		<subfield code="a">Uni-Taschenbücher</subfield>
	</datafield>
	<datafield ind1="3" ind2=" " tag="246">
		<subfield code="a">UTB Mittlere Reihe</subfield>
	</datafield>
	<datafield ind1="3" ind2=" " tag="246">
		<subfield code="a">UTB basics</subfield>
	</datafield>
	<datafield ind1="3" ind2=" " tag="246">
		<subfield code="a">UTB Profile</subfield>
	</datafield>
	<datafield ind1="3" ind2=" " tag="246">
		<subfield code="a">UTB Rechtswissenschaft</subfield>
	</datafield>
	<datafield ind1="3" ind2=" " tag="246">
		<subfield code="a">UTB Erziehungswissenschaften</subfield>
	</datafield>
	<datafield ind1="3" ind2=" " tag="246">
		<subfield code="a">UTB Sonderpädagogik</subfield>
	</datafield>
	<datafield ind1="3" ind2=" " tag="246">
		<subfield code="a">UTB Theologie</subfield>
	</datafield>
	<datafield ind1="3" ind2=" " tag="246">
		<subfield code="a">utb. Rechtswissenschaften</subfield>
	</datafield>
	<datafield ind1="3" ind2=" " tag="246">
		<subfield code="a">utb. Geschichte</subfield>
	</datafield>
	<datafield ind1=" " ind2="1" tag="264">
		<subfield code="a">Stuttgart :</subfield>
		<subfield code="b">E. Ulmer ;</subfield>
		<subfield code="a">Göttingen :</subfield>
		<subfield code="b">Vandenhoeck &amp; Ruprecht [etc.]</subfield>
	</datafield>
	<datafield ind1=" " ind2=" " tag="336">
		<subfield code="b">txt</subfield>
		<subfield code="2">rdacontent</subfield>
	</datafield>
	<datafield ind1=" " ind2=" " tag="337">
		<subfield code="b">n</subfield>
		<subfield code="2">rdamedia</subfield>
	</datafield>
	<datafield ind1=" " ind2=" " tag="338">
		<subfield code="b">nc</subfield>
		<subfield code="2">rdacarrier</subfield>
	</datafield>
	<datafield ind1=" " ind2=" " tag="339">
		<subfield code="a">docmaintype_series</subfield>
	</datafield>
	<datafield ind1=" " ind2=" " tag="500">
		<subfield code="a">Porte aussi les titres: UTB ; UTB Mittlere Reihe, UTB basics, UTB Profile, Uni-Taschenbücher, UTB Rechtswissenschaft, UTB Theologie, UTB Erziehungswissenschaften, UTB Sonderpädagogik</subfield>
	</datafield>
	<datafield ind1=" " ind2=" " tag="500">
		<subfield code="a">Dans cette collection, les séries ne sont pas cataloguées séparément, sauf UTB Grosse Reihe</subfield>
	</datafield>
	<datafield ind1=" " ind2=" " tag="900">
		<subfield code="a">swissbibnomerge</subfield>
	</datafield>
	<datafield ind1=" " ind2=" " tag="953">
		<subfield code="a">iftfla iftflu</subfield>
	</datafield>
	<datafield ind1=" " ind2=" " tag="973">
		<subfield code="a">vsbcvs</subfield>
	</datafield>
	<datafield ind1=" " ind2=" " tag="983">
		<subfield code="2">iftfla</subfield>
		<subfield code="a">TFLa</subfield>
	</datafield>
	<datafield ind1=" " ind2=" " tag="983">
		<subfield code="2">iftflu</subfield>
		<subfield code="a">TFLu</subfield>
	</datafield>
</record>