

<record>
	<leader>01317nas a2200385 a 4500</leader>
	<controlfield tag="001">REROILS:79</controlfield>
	<controlfield tag="003">RERO</controlfield>
	<controlfield tag="005">20200629075400.0</controlfield>
	<controlfield tag="008">981006c19949999ne |||p|| ||||0 || 0eng d</controlfield>
	<datafield ind1=" " ind2=" " tag="022">
		<subfield code="a">1023-0807</subfield>
		<subfield code="l">1023-0807</subfield>
	</datafield>
	<datafield ind1=" " ind2=" " tag="035">
		<subfield code="a">R237184760</subfield>
	</datafield>
	<datafield ind1=" " ind2=" " tag="039">
		<subfield code="b">6007</subfield>
		<subfield code="b">6023</subfield>
	</datafield>
	<datafield ind1=" " ind2="9" tag="039">
		<subfield code="a">202006290754</subfield>
		<subfield code="b">VLOAD</subfield>
		<subfield code="c">201907051220</subfield>
		<subfield code="d">VLOAD</subfield>
		<subfield code="c">201812181315</subfield>
		<subfield code="d">7663</subfield>
		<subfield code="c">201811161943</subfield>
		<subfield code="d">VLOAD</subfield>
		<subfield code="y">1999030123590000</subfield>
		<subfield code="z">load0060</subfield>
	</datafield>
	<datafield ind1=" " ind2=" " tag="040">
		<subfield code="a">RERO gevbpu</subfield>
	</datafield>
	<datafield ind1=" " ind2="7" tag="072">
		<subfield code="a">s1th</subfield>
		<subfield code="2">rero</subfield>
	</datafield>
	<datafield ind1="0" ind2="0" tag="245">
		<subfield code="a">Religion &amp; [and] theology :</subfield>
		<subfield code="b">a journal of contemporary religious discourse</subfield>
	</datafield>
	<datafield ind1=" " ind2="1" tag="264">
		<subfield code="a">Pretoria :</subfield>
		<subfield code="b">University of South Africa ; [puis] Leiden : Brill,</subfield>
		<subfield code="c">1994-&gt;</subfield>
	</datafield>
	<datafield ind1=" " ind2=" " tag="300">
		<subfield code="c">24 cm</subfield>
	</datafield>
	<datafield ind1=" " ind2=" " tag="336">
		<subfield code="b">txt</subfield>
		<subfield code="2">rdacontent</subfield>
	</datafield>
	<datafield ind1=" " ind2=" " tag="337">
		<subfield code="b">n</subfield>
		<subfield code="2">rdamedia</subfield>
	</datafield>
	<datafield ind1=" " ind2=" " tag="338">
		<subfield code="b">nc</subfield>
		<subfield code="2">rdacarrier</subfield>
	</datafield>
	<datafield ind1=" " ind2=" " tag="339">
		<subfield code="a">docmaintype_serial</subfield>
	</datafield>
	<datafield ind1="0" ind2=" " tag="362">
		<subfield code="a">Vol. 1(1994)-&gt;</subfield>
	</datafield>
	<datafield ind1=" " ind2=" " tag="530">
		<subfield code="a">Existe aussi en version électronique</subfield>
	</datafield>
	<datafield ind1=" " ind2=" " tag="580">
		<subfield code="a">Fait suite à: Theologia evangelica</subfield>
	</datafield>
	<datafield ind1=" " ind2="7" tag="650">
		<subfield code="a">Religion</subfield>
		<subfield code="2">rero</subfield>
	</datafield>
	<datafield ind1=" " ind2="7" tag="650">
		<subfield code="a">Théologie</subfield>
		<subfield code="2">rero</subfield>
	</datafield>
	<datafield ind1=" " ind2="7" tag="655">
		<subfield code="a">[Périodiques]</subfield>
		<subfield code="2">rero</subfield>
	</datafield>
	<datafield ind1="1" ind2=" " tag="776">
		<subfield code="t">Religion &amp; [and] theology : a journal of contemporary religious discourse</subfield>
		<subfield code="w">REROILS:79</subfield>
	</datafield>
	<datafield ind1="1" ind2="0" tag="780">
		<subfield code="t">Theologia evangelica</subfield>
	</datafield>
	<datafield ind1=" " ind2=" " tag="900">
		<subfield code="a">noselfmerge</subfield>
	</datafield>
	<datafield ind1=" " ind2=" " tag="919">
		<subfield code="9">650 _7</subfield>
		<subfield code="a">religion</subfield>
		<subfield code="v">[périodique]</subfield>
		<subfield code="2">chrero</subfield>
	</datafield>
	<datafield ind1=" " ind2=" " tag="919">
		<subfield code="9">650 _7</subfield>
		<subfield code="a">théologie</subfield>
		<subfield code="v">[périodique]</subfield>
		<subfield code="2">chrero</subfield>
	</datafield>
	<datafield ind1=" " ind2=" " tag="957">
		<subfield code="a">gevbge</subfield>
	</datafield>
	<datafield ind1=" " ind2=" " tag="992">
		<subfield code="a">BGE RB 2622</subfield>
		<subfield code="x">ge/vbge/a/98/7127</subfield>
	</datafield>
</record>