

<record>
	<leader>00873naa a22002537a 4500</leader>
	<controlfield tag="001">REROILS:84</controlfield>
	<controlfield tag="003">RERO</controlfield>
	<controlfield tag="005">20170518132600.0</controlfield>
	<controlfield tag="008">980412s1973    xx ||| |  ||||00|  0fre d</controlfield>
	<datafield ind1=" " ind2=" " tag="035">
		<subfield code="a">R003446025</subfield>
	</datafield>
	<datafield ind1=" " ind2="9" tag="039">
		<subfield code="a">201705181326</subfield>
		<subfield code="b">VLOAD</subfield>
		<subfield code="c">201605141128</subfield>
		<subfield code="d">VLOAD</subfield>
		<subfield code="c">201210191808</subfield>
		<subfield code="d">VLOAD</subfield>
		<subfield code="c">201112192209</subfield>
		<subfield code="d">VLOAD</subfield>
		<subfield code="y">200506232319</subfield>
		<subfield code="z">VLOAD</subfield>
	</datafield>
	<datafield ind1=" " ind2=" " tag="040">
		<subfield code="a">RERO gewcc-</subfield>
	</datafield>
	<datafield ind1=" " ind2="7" tag="072">
		<subfield code="a">s1th</subfield>
		<subfield code="2">rero</subfield>
	</datafield>
	<datafield ind1="1" ind2=" " tag="100">
		<subfield code="a">Potter, Philip,</subfield>
		<subfield code="d">1921-2015</subfield>
		<subfield code="4">cre</subfield>
		<subfield code="0">(IdRef)031206999</subfield>
	</datafield>
	<datafield ind1="1" ind2="3" tag="245">
		<subfield code="a">Le Partage de la foi :</subfield>
		<subfield code="b">le COE a 25 ans /</subfield>
		<subfield code="c">Philip A. Potter</subfield>
	</datafield>
	<datafield ind1=" " ind2="1" tag="264">
		<subfield code="c">1973</subfield>
	</datafield>
	<datafield ind1=" " ind2=" " tag="336">
		<subfield code="b">txt</subfield>
		<subfield code="2">rdacontent</subfield>
	</datafield>
	<datafield ind1=" " ind2=" " tag="337">
		<subfield code="b">n</subfield>
		<subfield code="2">rdamedia</subfield>
	</datafield>
	<datafield ind1=" " ind2=" " tag="338">
		<subfield code="b">nc</subfield>
		<subfield code="2">rdacarrier</subfield>
	</datafield>
	<datafield ind1=" " ind2=" " tag="339">
		<subfield code="a">docmaintype_article</subfield>
	</datafield>
	<datafield ind1=" " ind2=" " tag="580">
		<subfield code="a">In: Réforme ; no. 1483/1484 (1973) p. 7-11</subfield>
	</datafield>
	<datafield ind1="1" ind2=" " tag="773">
		<subfield code="t">Réforme : hebdomadaire protestant d'information générale</subfield>
		<subfield code="g">no. 1483/1484 (1973) p. 7-11</subfield>
		<subfield code="w">REROILS:2000041</subfield>
	</datafield>
	<datafield ind1=" " ind2=" " tag="957">
		<subfield code="a">gewcc-</subfield>
	</datafield>
	<datafield ind1=" " ind2=" " tag="982">
		<subfield code="2">wccsh</subfield>
		<subfield code="a">World Council of Churches</subfield>
		<subfield code="e">[LCSH]</subfield>
	</datafield>
</record>