

<record>
	<leader>01609cam a2200505 a 4500</leader>
	<controlfield tag="001">REROILS:28</controlfield>
	<controlfield tag="003">RERO</controlfield>
	<controlfield tag="005">20191120121000.0</controlfield>
	<controlfield tag="008">890112s1988    xxu|||||| ||||00|| |eng d</controlfield>
	<datafield ind1=" " ind2=" " tag="020">
		<subfield code="a">9780897664516</subfield>
	</datafield>
	<datafield ind1=" " ind2=" " tag="020">
		<subfield code="a">9780897664523</subfield>
	</datafield>
	<datafield ind1=" " ind2=" " tag="035">
		<subfield code="a">1063773</subfield>
	</datafield>
	<datafield ind1=" " ind2="9" tag="039">
		<subfield code="a">201911201210</subfield>
		<subfield code="b">AUTHORITY</subfield>
		<subfield code="c">201705171032</subfield>
		<subfield code="d">VLOAD</subfield>
		<subfield code="c">201704011547</subfield>
		<subfield code="d">VLOAD</subfield>
		<subfield code="c">201506011828</subfield>
		<subfield code="d">VLOAD</subfield>
		<subfield code="y">1999022810490000</subfield>
		<subfield code="z">load</subfield>
	</datafield>
	<datafield ind1=" " ind2=" " tag="040">
		<subfield code="a">RERO labcud</subfield>
	</datafield>
	<datafield ind1=" " ind2="7" tag="072">
		<subfield code="a">s1bi</subfield>
		<subfield code="2">rero</subfield>
	</datafield>
	<datafield ind1=" " ind2="7" tag="072">
		<subfield code="a">s2me</subfield>
		<subfield code="2">rero</subfield>
	</datafield>
	<datafield ind1="0" ind2="0" tag="245">
		<subfield code="a">Human sexual aggression :</subfield>
		<subfield code="b">current perspectives /</subfield>
		<subfield code="c">ed. by Robert A. Prentky and Vernon L. Quinsey</subfield>
	</datafield>
	<datafield ind1=" " ind2="1" tag="264">
		<subfield code="a">New York :</subfield>
		<subfield code="b">the New York Academy of Sciences,</subfield>
		<subfield code="c">1988</subfield>
	</datafield>
	<datafield ind1=" " ind2=" " tag="300">
		<subfield code="a">IX, 407 p. :</subfield>
		<subfield code="b">ill. ;</subfield>
		<subfield code="c">24 cm</subfield>
	</datafield>
	<datafield ind1=" " ind2=" " tag="336">
		<subfield code="b">txt</subfield>
		<subfield code="2">rdacontent</subfield>
	</datafield>
	<datafield ind1=" " ind2=" " tag="337">
		<subfield code="b">n</subfield>
		<subfield code="2">rdamedia</subfield>
	</datafield>
	<datafield ind1=" " ind2=" " tag="338">
		<subfield code="b">nc</subfield>
		<subfield code="2">rdacarrier</subfield>
	</datafield>
	<datafield ind1=" " ind2=" " tag="339">
		<subfield code="a">docmaintype_book</subfield>
		<subfield code="b">docsubtype_other_book</subfield>
	</datafield>
	<datafield ind1="1" ind2=" " tag="490">
		<subfield code="a">Annals of the New York Academy of Sciences</subfield>
		<subfield code="v">vol. 528</subfield>
	</datafield>
	<datafield ind1=" " ind2="2" tag="650">
		<subfield code="a">Rape</subfield>
	</datafield>
	<datafield ind1=" " ind2="2" tag="650">
		<subfield code="a">Child Abuse, Sexual</subfield>
	</datafield>
	<datafield ind1=" " ind2="2" tag="650">
		<subfield code="a">Sadism</subfield>
	</datafield>
	<datafield ind1=" " ind2="2" tag="651">
		<subfield code="a">United States</subfield>
	</datafield>
	<datafield ind1=" " ind2="2" tag="655">
		<subfield code="a">Congress</subfield>
	</datafield>
	<datafield ind1="1" ind2=" " tag="700">
		<subfield code="a">Prentky, Robert A</subfield>
		<subfield code="0">(IdRef)073942103</subfield>
	</datafield>
	<datafield ind1=" " ind2="0" tag="830">
		<subfield code="a">Annals of the New York Academy of Sciences</subfield>
		<subfield code="v">528</subfield>
		<subfield code="w">REROILS:2000042</subfield>
	</datafield>
	<datafield ind1=" " ind2=" " tag="900">
		<subfield code="a">noselfmerge</subfield>
	</datafield>
	<datafield ind1=" " ind2=" " tag="957">
		<subfield code="a">gefili</subfield>
	</datafield>
	<datafield ind1=" " ind2=" " tag="982">
		<subfield code="2">cdu-fili</subfield>
		<subfield code="a">343.541 HUM</subfield>
	</datafield>
	<datafield ind1=" " ind2=" " tag="982">
		<subfield code="2">fili-mc</subfield>
		<subfield code="a">biologie</subfield>
	</datafield>
	<datafield ind1=" " ind2=" " tag="982">
		<subfield code="2">fili-mc</subfield>
		<subfield code="a">criminel-le</subfield>
	</datafield>
	<datafield ind1=" " ind2=" " tag="982">
		<subfield code="2">fili-mc</subfield>
		<subfield code="a">culture populaire</subfield>
	</datafield>
	<datafield ind1=" " ind2=" " tag="982">
		<subfield code="2">fili-mc</subfield>
		<subfield code="a">politique sociale</subfield>
	</datafield>
	<datafield ind1=" " ind2=" " tag="982">
		<subfield code="2">fili-mc</subfield>
		<subfield code="a">prévention à la violence</subfield>
	</datafield>
	<datafield ind1=" " ind2=" " tag="982">
		<subfield code="2">fili-mc</subfield>
		<subfield code="a">psychologie</subfield>
	</datafield>
	<datafield ind1=" " ind2=" " tag="982">
		<subfield code="2">fili-mc</subfield>
		<subfield code="a">sociologie</subfield>
	</datafield>
	<datafield ind1=" " ind2=" " tag="982">
		<subfield code="2">fili-mc</subfield>
		<subfield code="a">victime</subfield>
	</datafield>
	<datafield ind1=" " ind2=" " tag="982">
		<subfield code="2">fili-mc</subfield>
		<subfield code="a">viol</subfield>
	</datafield>
	<datafield ind1=" " ind2=" " tag="982">
		<subfield code="2">fili-mc</subfield>
		<subfield code="a">violence</subfield>
	</datafield>
	<datafield ind1=" " ind2=" " tag="982">
		<subfield code="2">fili-mc</subfield>
		<subfield code="a">violence sexuelle</subfield>
	</datafield>
</record>