

<record>
	<leader>01141nas a22003497a 4500</leader>
	<controlfield tag="001">REROILS:260</controlfield>
	<controlfield tag="003">RERO</controlfield>
	<controlfield tag="005">20170517095600.0</controlfield>
	<controlfield tag="008">010127u        xx |||m|| ||||0 || 0und d</controlfield>
	<datafield ind1=" " ind2=" " tag="019">
		<subfield code="a">Pas suite BGE</subfield>
		<subfield code="9">gevbpu/07.2005</subfield>
	</datafield>
	<datafield ind1=" " ind2=" " tag="035">
		<subfield code="a">1173487</subfield>
	</datafield>
	<datafield ind1=" " ind2=" " tag="039">
		<subfield code="b">1006</subfield>
		<subfield code="b">3312</subfield>
		<subfield code="b">8208c</subfield>
	</datafield>
	<datafield ind1=" " ind2="9" tag="039">
		<subfield code="a">201705170956</subfield>
		<subfield code="b">VLOAD</subfield>
		<subfield code="c">200908152051</subfield>
		<subfield code="d">VLOAD</subfield>
		<subfield code="c">200902241001</subfield>
		<subfield code="d">3335</subfield>
		<subfield code="c">200812220155</subfield>
		<subfield code="d">VLOAD</subfield>
		<subfield code="y">1999022813240000</subfield>
		<subfield code="z">load</subfield>
	</datafield>
	<datafield ind1=" " ind2=" " tag="040">
		<subfield code="a">RERO nebpup</subfield>
	</datafield>
	<datafield ind1="0" ind2=" " tag="130">
		<subfield code="a">Babel.</subfield>
		<subfield code="p">Actes sud</subfield>
	</datafield>
	<datafield ind1="1" ind2="0" tag="245">
		<subfield code="a">Babel</subfield>
	</datafield>
	<datafield ind1="3" ind2=" " tag="246">
		<subfield code="a">Babel noir</subfield>
	</datafield>
	<datafield ind1="3" ind2=" " tag="246">
		<subfield code="a">Epistolaires</subfield>
	</datafield>
	<datafield ind1="3" ind2=" " tag="246">
		<subfield code="a">Révolutions.</subfield>
		<subfield code="p">Actes sud</subfield>
	</datafield>
	<datafield ind1=" " ind2="1" tag="264">
		<subfield code="a">Arles :</subfield>
		<subfield code="b">Actes sud ;</subfield>
		<subfield code="a">Diff. Bruxelles :</subfield>
		<subfield code="b">Labor ;</subfield>
		<subfield code="a">Lausanne :</subfield>
		<subfield code="b">L'Aire ;</subfield>
		<subfield code="a">Montréal :</subfield>
		<subfield code="b">Leméac...</subfield>
	</datafield>
	<datafield ind1=" " ind2=" " tag="336">
		<subfield code="b">txt</subfield>
		<subfield code="2">rdacontent</subfield>
	</datafield>
	<datafield ind1=" " ind2=" " tag="337">
		<subfield code="b">n</subfield>
		<subfield code="2">rdamedia</subfield>
	</datafield>
	<datafield ind1=" " ind2=" " tag="338">
		<subfield code="b">nc</subfield>
		<subfield code="2">rdacarrier</subfield>
	</datafield>
	<datafield ind1=" " ind2=" " tag="339">
		<subfield code="a">docmaintype_series</subfield>
	</datafield>
	<datafield ind1=" " ind2=" " tag="500">
		<subfield code="a">Dans cette collection les sous-séries ne sont pas cataloguées séparément, telles que Babel noir, Les épistolaires, Révolutions, Répliques</subfield>
	</datafield>
	<datafield ind1="0" ind2=" " tag="730">
		<subfield code="a">Babel.</subfield>
		<subfield code="p">Labor</subfield>
	</datafield>
	<datafield ind1="0" ind2=" " tag="730">
		<subfield code="a">Babel.</subfield>
		<subfield code="p">Leméac</subfield>
	</datafield>
	<datafield ind1="0" ind2=" " tag="730">
		<subfield code="a">Babel.</subfield>
		<subfield code="p">L'Aire</subfield>
	</datafield>
	<datafield ind1=" " ind2=" " tag="900">
		<subfield code="a">swissbibnomerge</subfield>
	</datafield>
	<datafield ind1=" " ind2=" " tag="957">
		<subfield code="a">geveth</subfield>
	</datafield>
	<datafield ind1=" " ind2=" " tag="962">
		<subfield code="a">nebpun</subfield>
	</datafield>
	<datafield ind1=" " ind2=" " tag="973">
		<subfield code="a">vsbcvs</subfield>
	</datafield>
</record>