

<record>
	<leader>01242nam a2200361 a 4500</leader>
	<controlfield tag="001">REROILS:168</controlfield>
	<controlfield tag="003">RERO</controlfield>
	<controlfield tag="005">20180419134600.0</controlfield>
	<controlfield tag="008">000915s1968    fr |||||| ||||00|| |fre d</controlfield>
	<datafield ind1=" " ind2=" " tag="035">
		<subfield code="a">1620833</subfield>
	</datafield>
	<datafield ind1=" " ind2="9" tag="039">
		<subfield code="a">201804191346</subfield>
		<subfield code="b">VLOAD</subfield>
		<subfield code="c">201706161814</subfield>
		<subfield code="d">VLOAD</subfield>
		<subfield code="c">201706101147</subfield>
		<subfield code="d">VLOAD</subfield>
		<subfield code="c">201507100856</subfield>
		<subfield code="d">3817</subfield>
		<subfield code="y">1999022823530000</subfield>
		<subfield code="z">load</subfield>
	</datafield>
	<datafield ind1=" " ind2=" " tag="040">
		<subfield code="a">RERO vsbcvs</subfield>
	</datafield>
	<datafield ind1=" " ind2="7" tag="072">
		<subfield code="a">s1td</subfield>
		<subfield code="2">rero</subfield>
	</datafield>
	<datafield ind1="1" ind2=" " tag="100">
		<subfield code="a">Lalou, René</subfield>
		<subfield code="4">cre</subfield>
		<subfield code="0">(IdRef)034000038</subfield>
	</datafield>
	<datafield ind1="1" ind2="3" tag="245">
		<subfield code="a">Le théâtre en France depuis 1900 /</subfield>
		<subfield code="c">par René Lalou</subfield>
	</datafield>
	<datafield ind1=" " ind2=" " tag="250">
		<subfield code="a">[6e éd. mise à jour] /</subfield>
		<subfield code="b">[par Georges Versini]</subfield>
	</datafield>
	<datafield ind1=" " ind2="1" tag="264">
		<subfield code="a">Paris :</subfield>
		<subfield code="b">Presses univ. de France,</subfield>
		<subfield code="c">1968</subfield>
	</datafield>
	<datafield ind1=" " ind2=" " tag="300">
		<subfield code="a">126 p. ;</subfield>
		<subfield code="c">18 cm</subfield>
	</datafield>
	<datafield ind1=" " ind2=" " tag="336">
		<subfield code="b">txt</subfield>
		<subfield code="2">rdacontent</subfield>
	</datafield>
	<datafield ind1=" " ind2=" " tag="337">
		<subfield code="b">n</subfield>
		<subfield code="2">rdamedia</subfield>
	</datafield>
	<datafield ind1=" " ind2=" " tag="338">
		<subfield code="b">nc</subfield>
		<subfield code="2">rdacarrier</subfield>
	</datafield>
	<datafield ind1=" " ind2=" " tag="339">
		<subfield code="a">docmaintype_book</subfield>
		<subfield code="b">docsubtype_other_book</subfield>
	</datafield>
	<datafield ind1="1" ind2=" " tag="490">
		<subfield code="a">Que sais-je</subfield>
		<subfield code="v">461</subfield>
	</datafield>
	<datafield ind1=" " ind2=" " tag="504">
		<subfield code="a">Bibliogr.: Bibliogr</subfield>
	</datafield>
	<datafield ind1=" " ind2="7" tag="650">
		<subfield code="a">Théâtre</subfield>
		<subfield code="2">rero</subfield>
	</datafield>
	<datafield ind1=" " ind2="7" tag="650">
		<subfield code="a">20e siècle (1re moitié)</subfield>
		<subfield code="2">rero</subfield>
	</datafield>
	<datafield ind1=" " ind2="7" tag="651">
		<subfield code="a">France</subfield>
		<subfield code="2">rero</subfield>
		<subfield code="0">(IdRef)027226794</subfield>
	</datafield>
	<datafield ind1="1" ind2=" " tag="700">
		<subfield code="a">Versini, Georges</subfield>
		<subfield code="0">(IdRef)078122538</subfield>
	</datafield>
	<datafield ind1=" " ind2="0" tag="830">
		<subfield code="a">Que sais-je? : le point des connaissances actuelles</subfield>
		<subfield code="v">461</subfield>
	</datafield>
	<datafield ind1=" " ind2=" " tag="900">
		<subfield code="a">noselfmerge</subfield>
	</datafield>
	<datafield ind1=" " ind2=" " tag="919">
		<subfield code="9">650 _7</subfield>
		<subfield code="a">théâtre</subfield>
		<subfield code="z">France</subfield>
		<subfield code="y">20e s. (1ère moitié)</subfield>
		<subfield code="2">chrero</subfield>
	</datafield>
	<datafield ind1=" " ind2=" " tag="973">
		<subfield code="a">vsbcvs</subfield>
	</datafield>
</record>