

<record>
	<leader>01017naa a22002777a 4500</leader>
	<controlfield tag="001">REROILS:269</controlfield>
	<controlfield tag="003">RERO</controlfield>
	<controlfield tag="005">20170518132300.0</controlfield>
	<controlfield tag="008">980412s1989    xx ||| |  ||||00|  0eng d</controlfield>
	<datafield ind1=" " ind2=" " tag="035">
		<subfield code="a">R003445522</subfield>
	</datafield>
	<datafield ind1=" " ind2="9" tag="039">
		<subfield code="a">201705181323</subfield>
		<subfield code="b">VLOAD</subfield>
		<subfield code="c">201605141127</subfield>
		<subfield code="d">VLOAD</subfield>
		<subfield code="c">201210191807</subfield>
		<subfield code="d">VLOAD</subfield>
		<subfield code="c">201112192207</subfield>
		<subfield code="d">VLOAD</subfield>
		<subfield code="y">200506232317</subfield>
		<subfield code="z">VLOAD</subfield>
	</datafield>
	<datafield ind1=" " ind2=" " tag="040">
		<subfield code="a">RERO gewcc-</subfield>
	</datafield>
	<datafield ind1=" " ind2="7" tag="072">
		<subfield code="a">s1th</subfield>
		<subfield code="2">rero</subfield>
	</datafield>
	<datafield ind1="1" ind2=" " tag="100">
		<subfield code="a">Wickeri, Philip L</subfield>
		<subfield code="4">cre</subfield>
	</datafield>
	<datafield ind1="1" ind2="0" tag="245">
		<subfield code="a">Development service and China's modernization :</subfield>
		<subfield code="b">the Amity Foundation in theological perspective /</subfield>
		<subfield code="c">Philip L. Wickeri</subfield>
	</datafield>
	<datafield ind1=" " ind2="1" tag="264">
		<subfield code="c">1989</subfield>
	</datafield>
	<datafield ind1=" " ind2=" " tag="336">
		<subfield code="b">txt</subfield>
		<subfield code="2">rdacontent</subfield>
	</datafield>
	<datafield ind1=" " ind2=" " tag="337">
		<subfield code="b">n</subfield>
		<subfield code="2">rdamedia</subfield>
	</datafield>
	<datafield ind1=" " ind2=" " tag="338">
		<subfield code="b">nc</subfield>
		<subfield code="2">rdacarrier</subfield>
	</datafield>
	<datafield ind1=" " ind2=" " tag="339">
		<subfield code="a">docmaintype_article</subfield>
	</datafield>
	<datafield ind1=" " ind2=" " tag="580">
		<subfield code="a">In: Ecumenical Review ; v. 41 (January 1989), no. 41, p. 78-87</subfield>
	</datafield>
	<datafield ind1="1" ind2=" " tag="773">
		<subfield code="t">Ecumenical review : a quarterly</subfield>
		<subfield code="g">v. 41 (January 1989), no. 41, p. 78-87</subfield>
	</datafield>
	<datafield ind1=" " ind2=" " tag="957">
		<subfield code="a">gewcc-</subfield>
	</datafield>
	<datafield ind1=" " ind2=" " tag="982">
		<subfield code="2">wccsh</subfield>
		<subfield code="a">Christianity</subfield>
		<subfield code="d">China</subfield>
		<subfield code="e">[LCSH]</subfield>
	</datafield>
	<datafield ind1=" " ind2=" " tag="982">
		<subfield code="2">wccsh</subfield>
		<subfield code="a">Development aid</subfield>
		<subfield code="d">Ecumenical movement</subfield>
	</datafield>
	<datafield ind1=" " ind2=" " tag="982">
		<subfield code="2">wccsh</subfield>
		<subfield code="a">Amity Foundation</subfield>
	</datafield>
</record>