

<record>
	<leader>01285naa a2200349 a 4500</leader>
	<controlfield tag="001">REROILS:227</controlfield>
	<controlfield tag="003">RERO</controlfield>
	<controlfield tag="005">20170611090000.0</controlfield>
	<controlfield tag="008">021002s2002    fr ||| |  ||||00|  |fre d</controlfield>
	<datafield ind1=" " ind2=" " tag="035">
		<subfield code="a">R003249427</subfield>
	</datafield>
	<datafield ind1=" " ind2="7" tag="039">
		<subfield code="b">9533</subfield>
		<subfield code="b">3506</subfield>
	</datafield>
	<datafield ind1=" " ind2="9" tag="039">
		<subfield code="a">201706110900</subfield>
		<subfield code="b">VLOAD</subfield>
		<subfield code="c">201603241253</subfield>
		<subfield code="d">3541</subfield>
		<subfield code="c">200812211459</subfield>
		<subfield code="d">VLOAD</subfield>
		<subfield code="c">200304251520</subfield>
		<subfield code="d">3521</subfield>
		<subfield code="y">200210021340</subfield>
		<subfield code="z">3506</subfield>
	</datafield>
	<datafield ind1=" " ind2=" " tag="040">
		<subfield code="a">RERO necfbv</subfield>
	</datafield>
	<datafield ind1=" " ind2="7" tag="072">
		<subfield code="a">s1di</subfield>
		<subfield code="2">rero</subfield>
	</datafield>
	<datafield ind1="0" ind2="0" tag="245">
		<subfield code="a">Galaxies :</subfield>
		<subfield code="b">Science-fiction ; dossier Kathleen Ann Goonan /</subfield>
		<subfield code="c">[textes de] Laurent Genefort... [et al.]</subfield>
	</datafield>
	<datafield ind1=" " ind2="1" tag="264">
		<subfield code="a">Nancy :</subfield>
		<subfield code="b">Galaxies,</subfield>
		<subfield code="c">2002</subfield>
	</datafield>
	<datafield ind1=" " ind2=" " tag="300">
		<subfield code="a">192 p. :</subfield>
		<subfield code="b">ill. ;</subfield>
		<subfield code="c">21 cm</subfield>
	</datafield>
	<datafield ind1=" " ind2=" " tag="336">
		<subfield code="b">txt</subfield>
		<subfield code="2">rdacontent</subfield>
	</datafield>
	<datafield ind1=" " ind2=" " tag="337">
		<subfield code="b">n</subfield>
		<subfield code="2">rdamedia</subfield>
	</datafield>
	<datafield ind1=" " ind2=" " tag="338">
		<subfield code="b">nc</subfield>
		<subfield code="2">rdacarrier</subfield>
	</datafield>
	<datafield ind1=" " ind2=" " tag="339">
		<subfield code="a">docmaintype_article</subfield>
	</datafield>
	<datafield ind1="1" ind2=" " tag="490">
		<subfield code="a">Galaxies : Science-fiction</subfield>
		<subfield code="v">26, septembre 2002</subfield>
	</datafield>
	<datafield ind1="8" ind2=" " tag="520">
		<subfield code="a">Analyse : Roman de science-fiction. Nouvelles</subfield>
		<subfield code="9">necfbv/4.2003/3521</subfield>
	</datafield>
	<datafield ind1="1" ind2="7" tag="600">
		<subfield code="a">Goonan, Kathleen Ann</subfield>
		<subfield code="2">rero</subfield>
		<subfield code="0">(IdRef)139843418</subfield>
	</datafield>
	<datafield ind1="1" ind2=" " tag="700">
		<subfield code="a">Goonan, Kathleen Ann</subfield>
	</datafield>
	<datafield ind1=" " ind2="0" tag="830">
		<subfield code="a">Galaxies : Science-fiction</subfield>
		<subfield code="v">26, septembre 2002</subfield>
		<subfield code="w">REROILS:2000043</subfield>
	</datafield>
	<datafield ind1=" " ind2=" " tag="900">
		<subfield code="a">noselfmerge</subfield>
	</datafield>
	<datafield ind1=" " ind2=" " tag="904">
		<subfield code="a">neroan</subfield>
	</datafield>
	<datafield ind1=" " ind2=" " tag="919">
		<subfield code="9">600 17</subfield>
		<subfield code="a">Goonan, Kathleen Ann</subfield>
		<subfield code="2">chrero</subfield>
	</datafield>
	<datafield ind1=" " ind2=" " tag="962">
		<subfield code="a">necfbv</subfield>
	</datafield>
	<datafield ind1=" " ind2=" " tag="994">
		<subfield code="a">CFV Périodiques PF 749</subfield>
		<subfield code="x">--</subfield>
	</datafield>
</record>