

<record>
	<leader>01253nam a22003852a 4500</leader>
	<controlfield tag="001">REROILS:197</controlfield>
	<controlfield tag="003">RERO</controlfield>
	<controlfield tag="005">20180403085400.0</controlfield>
	<controlfield tag="008">110218s2009    fr ||| |  ||||00|  |fre d</controlfield>
	<datafield ind1=" " ind2=" " tag="019">
		<subfield code="a">Notice créée dans le cadre de la migration de la BM Delémont</subfield>
		<subfield code="9">jubmda/06.2011</subfield>
	</datafield>
	<datafield ind1=" " ind2=" " tag="020">
		<subfield code="a">9782742773992</subfield>
	</datafield>
	<datafield ind1=" " ind2=" " tag="035">
		<subfield code="a">R006039723</subfield>
	</datafield>
	<datafield ind1=" " ind2="9" tag="039">
		<subfield code="a">201804030854</subfield>
		<subfield code="b">VLOAD</subfield>
		<subfield code="c">201707060016</subfield>
		<subfield code="d">VLOAD</subfield>
		<subfield code="c">201705301350</subfield>
		<subfield code="d">VLOAD</subfield>
		<subfield code="c">201511181435</subfield>
		<subfield code="d">7336</subfield>
		<subfield code="y">201106171626</subfield>
		<subfield code="z">VLOAD</subfield>
	</datafield>
	<datafield ind1=" " ind2=" " tag="040">
		<subfield code="a">RERO jubmda</subfield>
	</datafield>
	<datafield ind1="1" ind2=" " tag="041">
		<subfield code="a">fre</subfield>
		<subfield code="h">chi</subfield>
	</datafield>
	<datafield ind1=" " ind2="7" tag="072">
		<subfield code="a">s1or</subfield>
		<subfield code="2">rero</subfield>
	</datafield>
	<datafield ind1="0" ind2=" " tag="100">
		<subfield code="a">Yu, Hua,</subfield>
		<subfield code="d">1960-</subfield>
		<subfield code="4">cre</subfield>
		<subfield code="0">(IdRef)033893438</subfield>
	</datafield>
	<datafield ind1="1" ind2="0" tag="245">
		<subfield code="a">Vivre ! :</subfield>
		<subfield code="b">roman /</subfield>
		<subfield code="c">Hua Yu</subfield>
	</datafield>
	<datafield ind1=" " ind2="1" tag="264">
		<subfield code="a">Arles :</subfield>
		<subfield code="b">Actes sud,</subfield>
		<subfield code="c">2009</subfield>
	</datafield>
	<datafield ind1=" " ind2=" " tag="300">
		<subfield code="a">248 p. ;</subfield>
		<subfield code="c">18 cm</subfield>
	</datafield>
	<datafield ind1=" " ind2=" " tag="336">
		<subfield code="b">txt</subfield>
		<subfield code="2">rdacontent</subfield>
	</datafield>
	<datafield ind1=" " ind2=" " tag="337">
		<subfield code="b">n</subfield>
		<subfield code="2">rdamedia</subfield>
	</datafield>
	<datafield ind1=" " ind2=" " tag="338">
		<subfield code="b">nc</subfield>
		<subfield code="2">rdacarrier</subfield>
	</datafield>
	<datafield ind1=" " ind2=" " tag="339">
		<subfield code="a">docmaintype_book</subfield>
		<subfield code="b">docsubtype_other_book</subfield>
	</datafield>
	<datafield ind1="1" ind2=" " tag="490">
		<subfield code="a">Babel</subfield>
		<subfield code="v">880</subfield>
	</datafield>
	<datafield ind1=" " ind2="0" tag="830">
		<subfield code="a">Babel.</subfield>
		<subfield code="p">Actes sud</subfield>
		<subfield code="v">880</subfield>
		<subfield code="w">REROILS:260</subfield>
	</datafield>
	<datafield ind1=" " ind2=" " tag="900">
		<subfield code="a">noselfmerge</subfield>
	</datafield>
	<datafield ind1=" " ind2=" " tag="902">
		<subfield code="a">geulch</subfield>
		<subfield code="b">2015/11</subfield>
	</datafield>
	<datafield ind1=" " ind2=" " tag="904">
		<subfield code="a">jubmdare op180416</subfield>
	</datafield>
	<datafield ind1=" " ind2=" " tag="957">
		<subfield code="a">geullo</subfield>
	</datafield>
	<datafield ind1=" " ind2=" " tag="960">
		<subfield code="a">jubmda</subfield>
	</datafield>
	<datafield ind1=" " ind2=" " tag="982">
		<subfield code="2">ge-ulch</subfield>
		<subfield code="a">S.23 70.b YU/H Viv</subfield>
	</datafield>
	<datafield ind1=" " ind2=" " tag="984">
		<subfield code="2">jubmd</subfield>
		<subfield code="a">CHINE</subfield>
		<subfield code="e">[Fiction]</subfield>
	</datafield>
	<datafield ind1=" " ind2=" " tag="992">
		<subfield code="a">BFLA 265392</subfield>
		<subfield code="x">ge/ulch/a/2015/149</subfield>
	</datafield>
</record>