

<record>
	<leader>00895nas a2200301 a 4500</leader>
	<controlfield tag="001">REROILS:183</controlfield>
	<controlfield tag="003">RERO</controlfield>
	<controlfield tag="005">20170518080800.0</controlfield>
	<controlfield tag="008">980907c1987    ru |||m|  ||||0 |  0fre d</controlfield>
	<datafield ind1=" " ind2=" " tag="020">
		<subfield code="a">9785050014757</subfield>
	</datafield>
	<datafield ind1=" " ind2=" " tag="035">
		<subfield code="a">R235702560</subfield>
	</datafield>
	<datafield ind1=" " ind2=" " tag="039">
		<subfield code="b">3536</subfield>
	</datafield>
	<datafield ind1=" " ind2="9" tag="039">
		<subfield code="a">201705180808</subfield>
		<subfield code="b">VLOAD</subfield>
		<subfield code="c">201207281312</subfield>
		<subfield code="d">VLOAD</subfield>
		<subfield code="c">201206081041</subfield>
		<subfield code="d">VLOAD</subfield>
		<subfield code="c">200605280815</subfield>
		<subfield code="d">VLOAD</subfield>
		<subfield code="y">1999030123360000</subfield>
		<subfield code="z">load0035</subfield>
	</datafield>
	<datafield ind1=" " ind2=" " tag="040">
		<subfield code="a">RERO necfbv</subfield>
	</datafield>
	<datafield ind1="1" ind2=" " tag="041">
		<subfield code="a">fre</subfield>
		<subfield code="h">rus</subfield>
	</datafield>
	<datafield ind1=" " ind2="7" tag="072">
		<subfield code="a">s1ru</subfield>
		<subfield code="2">rero</subfield>
	</datafield>
	<datafield ind1=" " ind2="7" tag="072">
		<subfield code="a">s2et</subfield>
		<subfield code="2">rero</subfield>
	</datafield>
	<datafield ind1="0" ind2="0" tag="245">
		<subfield code="a">Contes des peuples de l'U.R.S.S. /</subfield>
		<subfield code="c">[choix des contes: Robert Babloïan, Mirléna Choumskaïa]</subfield>
	</datafield>
	<datafield ind1=" " ind2="1" tag="264">
		<subfield code="a">Moscou :</subfield>
		<subfield code="b">Ed. Radouga,</subfield>
		<subfield code="c">1987</subfield>
	</datafield>
	<datafield ind1=" " ind2=" " tag="300">
		<subfield code="a">4 vol. :</subfield>
		<subfield code="b">ill. ;</subfield>
		<subfield code="c">22 cm</subfield>
	</datafield>
	<datafield ind1=" " ind2=" " tag="336">
		<subfield code="b">txt</subfield>
		<subfield code="2">rdacontent</subfield>
	</datafield>
	<datafield ind1=" " ind2=" " tag="337">
		<subfield code="b">n</subfield>
		<subfield code="2">rdamedia</subfield>
	</datafield>
	<datafield ind1=" " ind2=" " tag="338">
		<subfield code="b">nc</subfield>
		<subfield code="2">rdacarrier</subfield>
	</datafield>
	<datafield ind1=" " ind2=" " tag="339">
		<subfield code="a">docmaintype_series</subfield>
	</datafield>
	<datafield ind1="1" ind2=" " tag="700">
		<subfield code="a">Babloïan, Robert</subfield>
		<subfield code="0">(IdRef)164099832</subfield>
	</datafield>
	<datafield ind1="1" ind2=" " tag="700">
		<subfield code="a">Choumskaïa, Mirléna</subfield>
		<subfield code="0">(IdRef)164099859</subfield>
	</datafield>
	<datafield ind1=" " ind2=" " tag="900">
		<subfield code="a">noselfmerge</subfield>
	</datafield>
	<datafield ind1=" " ind2=" " tag="962">
		<subfield code="a">necfbj</subfield>
	</datafield>
</record>