

<record>
	<leader>03411ngm a2200793 a 4500</leader>
	<controlfield tag="001">REROILS:83</controlfield>
	<controlfield tag="003">RERO</controlfield>
	<controlfield tag="005">20201202171400.0</controlfield>
	<controlfield tag="007">v|</controlfield>
	<controlfield tag="008">000921s1998    fr ||| |  ||||| |  |fre d</controlfield>
	<datafield ind1=" " ind2=" " tag="019">
		<subfield code="a">Catal. d'après le conteneur</subfield>
		<subfield code="9">frbcuc/03.1999</subfield>
	</datafield>
	<datafield ind1="5" ind2="2" tag="028">
		<subfield code="a">761976</subfield>
	</datafield>
	<datafield ind1=" " ind2=" " tag="035">
		<subfield code="a">R245534560</subfield>
	</datafield>
	<datafield ind1=" " ind2=" " tag="039">
		<subfield code="b">0011</subfield>
	</datafield>
	<datafield ind1=" " ind2="9" tag="039">
		<subfield code="a">202012021714</subfield>
		<subfield code="b">VLOAD</subfield>
		<subfield code="c">202007100852</subfield>
		<subfield code="d">VLOAD</subfield>
		<subfield code="c">202006290816</subfield>
		<subfield code="d">VLOAD</subfield>
		<subfield code="c">201810051252</subfield>
		<subfield code="d">VLOAD</subfield>
		<subfield code="y">200009211547</subfield>
		<subfield code="z">VLOAD</subfield>
	</datafield>
	<datafield ind1=" " ind2=" " tag="040">
		<subfield code="a">RERO frbcuc</subfield>
	</datafield>
	<datafield ind1="1" ind2=" " tag="041">
		<subfield code="a">fre</subfield>
		<subfield code="a">ara</subfield>
		<subfield code="a">dut</subfield>
		<subfield code="a">eng</subfield>
		<subfield code="h">eng</subfield>
	</datafield>
	<datafield ind1=" " ind2="7" tag="072">
		<subfield code="a">s1ba</subfield>
		<subfield code="2">rero</subfield>
	</datafield>
	<datafield ind1=" " ind2="7" tag="072">
		<subfield code="a">s2fr</subfield>
		<subfield code="2">rero</subfield>
	</datafield>
	<datafield ind1="0" ind2="0" tag="245">
		<subfield code="a">Frankenstein /</subfield>
		<subfield code="c">un film de Kenneth Branagh ; d'après Mary Shelley ; musique de Patrick Doyle ; scénario de Steph Lady et Frank Darabont ; prod. par Francis Ford Coppola, James V. Hart, John Veitch</subfield>
	</datafield>
	<datafield ind1="3" ind2=" " tag="246">
		<subfield code="a">Mary Shelley's &quot;Frankenstein&quot;</subfield>
	</datafield>
	<datafield ind1=" " ind2="1" tag="264">
		<subfield code="a">[Boulogne-Billancourt] :</subfield>
		<subfield code="b">Columbia Tristar Home Video,</subfield>
		<subfield code="c">[1998]</subfield>
	</datafield>
	<datafield ind1=" " ind2="4" tag="264">
		<subfield code="c">© 1998</subfield>
	</datafield>
	<datafield ind1=" " ind2=" " tag="300">
		<subfield code="a">1 DVD vidéo :</subfield>
		<subfield code="b">couleur PAL</subfield>
	</datafield>
	<datafield ind1=" " ind2=" " tag="336">
		<subfield code="b">tdi</subfield>
		<subfield code="2">rdacontent</subfield>
	</datafield>
	<datafield ind1=" " ind2=" " tag="337">
		<subfield code="b">v</subfield>
		<subfield code="2">rdamedia</subfield>
	</datafield>
	<datafield ind1=" " ind2=" " tag="338">
		<subfield code="b">vd</subfield>
		<subfield code="2">rdacarrier</subfield>
	</datafield>
	<datafield ind1=" " ind2=" " tag="339">
		<subfield code="a">docmaintype_movie_series</subfield>
		<subfield code="b">docsubtype_movie</subfield>
	</datafield>
	<datafield ind1=" " ind2=" " tag="500">
		<subfield code="a">Traduit de: Mary Shelley's &quot;Frankenstein&quot;</subfield>
	</datafield>
	<datafield ind1=" " ind2=" " tag="500">
		<subfield code="a">Choix de langues en Dolby Digital 5.1: Français, anglais. Choix de sous-titres: Français, anglais, hollandais, arabe</subfield>
	</datafield>
	<datafield ind1=" " ind2=" " tag="500">
		<subfield code="a">Format: écran 16:9, compatible 4:3 (Zone 2)</subfield>
	</datafield>
	<datafield ind1=" " ind2=" " tag="500">
		<subfield code="a">Une prod.: Columbia Pictures, cop. 1995</subfield>
	</datafield>
	<datafield ind1=" " ind2=" " tag="500">
		<subfield code="a">Durée du film: 119 min.</subfield>
	</datafield>
	<datafield ind1=" " ind2=" " tag="500">
		<subfield code="a">Comporte également: Menus interactifs, bande-annonce, chapitrage</subfield>
	</datafield>
	<datafield ind1=" " ind2=" " tag="500">
		<subfield code="a">Données vidéo</subfield>
	</datafield>
	<datafield ind1=" " ind2=" " tag="508">
		<subfield code="a">Costume James Acheson ; co-prod. Kenneth Branagh, David Parfitt ; prod. exécutif Fred Fuchs</subfield>
	</datafield>
	<datafield ind1="0" ind2=" " tag="511">
		<subfield code="a">Robert de Niro ; Kenneth Branagh ; Tom Hulce ... et al</subfield>
	</datafield>
	<datafield ind1="8" ind2=" " tag="520">
		<subfield code="a">Synopsis : Le jeune savant Victor Frankenstein est persuadé que la science peut venir à bout de tout et même créer la vie. Il s'attèle à cette tache avec ardeur et crée à partir de morceaux de cadavres un être humain qui sera acculé par sa différence à la méchanceté</subfield>
		<subfield code="9">vsbcvs/07.2014</subfield>
	</datafield>
	<datafield ind1="8" ind2=" " tag="520">
		<subfield code="a">Epouvante</subfield>
		<subfield code="9">vsbcvs/12.2015</subfield>
	</datafield>
	<datafield ind1="8" ind2=" " tag="520">
		<subfield code="a">Fantastique</subfield>
		<subfield code="9">necfbv/09.2016</subfield>
	</datafield>
	<datafield ind1=" " ind2=" " tag="521">
		<subfield code="a">Dès 16 ans</subfield>
		<subfield code="9">vsbcvs/11.2015</subfield>
	</datafield>
	<datafield ind1=" " ind2="7" tag="655">
		<subfield code="a">[Films de fiction]</subfield>
		<subfield code="2">rero</subfield>
	</datafield>
	<datafield ind1="1" ind2=" " tag="700">
		<subfield code="a">Branagh, Kenneth</subfield>
	</datafield>
	<datafield ind1="1" ind2=" " tag="700">
		<subfield code="a">Doyle, Patrick,</subfield>
		<subfield code="c">compositeur</subfield>
		<subfield code="0">(IdRef)05765025X</subfield>
	</datafield>
	<datafield ind1="1" ind2=" " tag="700">
		<subfield code="a">Lady, Steph</subfield>
		<subfield code="0">(IdRef)057223688</subfield>
	</datafield>
	<datafield ind1="1" ind2=" " tag="700">
		<subfield code="a">Coppola, Francis Ford</subfield>
	</datafield>
	<datafield ind1="1" ind2="2" tag="700">
		<subfield code="a">Shelley, Mary Wollstonecraft Godwin,</subfield>
		<subfield code="d">1797-1851. -</subfield>
		<subfield code="t">Frankenstein</subfield>
		<subfield code="0">(IdRef)026671131</subfield>
	</datafield>
	<datafield ind1=" " ind2=" " tag="900">
		<subfield code="a">noselfmerge</subfield>
	</datafield>
	<datafield ind1=" " ind2=" " tag="904">
		<subfield code="a">necfbvna</subfield>
		<subfield code="b">0803</subfield>
		<subfield code="c">115</subfield>
	</datafield>
	<datafield ind1=" " ind2=" " tag="904">
		<subfield code="a">nefian</subfield>
	</datafield>
	<datafield ind1=" " ind2=" " tag="906">
		<subfield code="a">vsdvd</subfield>
	</datafield>
	<datafield ind1=" " ind2=" " tag="919">
		<subfield code="a">EPOUVANTE</subfield>
		<subfield code="x">Film de fiction</subfield>
		<subfield code="2">choix</subfield>
	</datafield>
	<datafield ind1=" " ind2=" " tag="956">
		<subfield code="a">frbcuc</subfield>
	</datafield>
	<datafield ind1=" " ind2=" " tag="957">
		<subfield code="a">geumem</subfield>
	</datafield>
	<datafield ind1=" " ind2=" " tag="960">
		<subfield code="a">julcp-</subfield>
	</datafield>
	<datafield ind1=" " ind2=" " tag="962">
		<subfield code="a">necfbv</subfield>
	</datafield>
	<datafield ind1=" " ind2=" " tag="973">
		<subfield code="a">vsbcvs</subfield>
	</datafield>
	<datafield ind1=" " ind2=" " tag="982">
		<subfield code="2">dew-meum</subfield>
		<subfield code="a">791.43 BRAN/2</subfield>
	</datafield>
	<datafield ind1=" " ind2=" " tag="982">
		<subfield code="2">meum</subfield>
		<subfield code="a">beaux-arts, cinéma</subfield>
	</datafield>
	<datafield ind1=" " ind2=" " tag="982">
		<subfield code="2">meum</subfield>
		<subfield code="a">langue et littérature anglaises et américaines</subfield>
	</datafield>
	<datafield ind1=" " ind2=" " tag="984">
		<subfield code="2">jumat</subfield>
		<subfield code="a">DVD-fiction</subfield>
	</datafield>
	<datafield ind1=" " ind2=" " tag="984">
		<subfield code="2">jumat</subfield>
		<subfield code="a">anglais-enseignement</subfield>
	</datafield>
	<datafield ind1=" " ind2=" " tag="984">
		<subfield code="2">cdu-julcp-</subfield>
		<subfield code="a">778</subfield>
	</datafield>
	<datafield ind1=" " ind2=" " tag="984">
		<subfield code="2">jumat</subfield>
		<subfield code="a">lcpenglish st</subfield>
	</datafield>
	<datafield ind1=" " ind2=" " tag="986">
		<subfield code="2">vs-pratdvd</subfield>
		<subfield code="a">FRAN</subfield>
	</datafield>
	<datafield ind1=" " ind2=" " tag="994">
		<subfield code="a">CFV DVD FRAN</subfield>
		<subfield code="x">--</subfield>
	</datafield>
</record>