

<record>
	<leader>00900njm a2200313 a 4500</leader>
	<controlfield tag="001">REROILS:205</controlfield>
	<controlfield tag="003">RERO</controlfield>
	<controlfield tag="005">20200811115400.0</controlfield>
	<controlfield tag="007">s|</controlfield>
	<controlfield tag="008">100824m20082014xx ||| |  ||||  |  |und d</controlfield>
	<datafield ind1="0" ind2="1" tag="024">
		<subfield code="a">702391010582 (vol. 2)</subfield>
	</datafield>
	<datafield ind1="0" ind2="2" tag="028">
		<subfield code="a">SR 1025 (vol. 1)</subfield>
	</datafield>
	<datafield ind1="0" ind2="2" tag="028">
		<subfield code="a">SR 1058 (vol. 2)</subfield>
	</datafield>
	<datafield ind1=" " ind2=" " tag="035">
		<subfield code="a">R005514206</subfield>
	</datafield>
	<datafield ind1=" " ind2="9" tag="039">
		<subfield code="a">202008111154</subfield>
		<subfield code="b">1562</subfield>
		<subfield code="c">201907041255</subfield>
		<subfield code="d">VLOAD</subfield>
		<subfield code="c">201708291543</subfield>
		<subfield code="d">1035</subfield>
		<subfield code="c">201708291129</subfield>
		<subfield code="d">1323</subfield>
		<subfield code="y">201008241129</subfield>
		<subfield code="z">1026</subfield>
	</datafield>
	<datafield ind1=" " ind2=" " tag="040">
		<subfield code="a">RERO vsbcvs</subfield>
	</datafield>
	<datafield ind1=" " ind2="7" tag="072">
		<subfield code="a">s1mu</subfield>
		<subfield code="2">rero</subfield>
	</datafield>
	<datafield ind1="1" ind2=" " tag="100">
		<subfield code="a">Pagano, Caio</subfield>
		<subfield code="4">aut</subfield>
	</datafield>
	<datafield ind1="1" ind2="0" tag="245">
		<subfield code="a">Remembrance /</subfield>
		<subfield code="c">Caio Pagano</subfield>
	</datafield>
	<datafield ind1=" " ind2="1" tag="264">
		<subfield code="a">[Lieu de publication non identifié] :</subfield>
		<subfield code="b">Soundset Recordings,</subfield>
		<subfield code="c">2008-2014</subfield>
	</datafield>
	<datafield ind1=" " ind2=" " tag="300">
		<subfield code="a">2 vol.</subfield>
	</datafield>
	<datafield ind1=" " ind2=" " tag="336">
		<subfield code="b">prm</subfield>
		<subfield code="2">rdacontent</subfield>
	</datafield>
	<datafield ind1=" " ind2=" " tag="337">
		<subfield code="b">s</subfield>
		<subfield code="2">rdamedia</subfield>
	</datafield>
	<datafield ind1=" " ind2=" " tag="338">
		<subfield code="b">sd</subfield>
		<subfield code="2">rdacarrier</subfield>
	</datafield>
	<datafield ind1=" " ind2=" " tag="339">
		<subfield code="a">docmaintype_audio</subfield>
		<subfield code="b">docsubtype_music</subfield>
	</datafield>
	<datafield ind1="0" ind2=" " tag="511">
		<subfield code="a">Pagano, Caio (piano)</subfield>
	</datafield>
	<datafield ind1=" " ind2=" " tag="900">
		<subfield code="a">noselfmerge</subfield>
	</datafield>
	<datafield ind1=" " ind2=" " tag="973">
		<subfield code="a">vsbcvs</subfield>
	</datafield>
	<datafield ind1=" " ind2=" " tag="986">
		<subfield code="2">vs-pratcd</subfield>
		<subfield code="a">11</subfield>
	</datafield>
</record>