

<record>
	<leader>00998nam a22003132a 4500</leader>
	<controlfield tag="001">REROILS:163</controlfield>
	<controlfield tag="003">RERO</controlfield>
	<controlfield tag="005">20180403163800.0</controlfield>
	<controlfield tag="008">110218s2001    be ||| |  ||||00|  |fre d</controlfield>
	<datafield ind1=" " ind2=" " tag="019">
		<subfield code="a">Notice créée dans le cadre de la migration de la BM Delémont</subfield>
		<subfield code="9">jubmda/06.2011</subfield>
	</datafield>
	<datafield ind1=" " ind2=" " tag="020">
		<subfield code="a">9782501036276</subfield>
	</datafield>
	<datafield ind1="7" ind2=" " tag="024">
		<subfield code="a">http://catalogue.bnf.fr/ark:/12148/cb37715913s</subfield>
		<subfield code="2">uri</subfield>
	</datafield>
	<datafield ind1=" " ind2=" " tag="035">
		<subfield code="a">R006032527</subfield>
	</datafield>
	<datafield ind1=" " ind2="9" tag="039">
		<subfield code="a">201804031638</subfield>
		<subfield code="b">VLOAD</subfield>
		<subfield code="c">201705301333</subfield>
		<subfield code="d">VLOAD</subfield>
		<subfield code="c">201106191819</subfield>
		<subfield code="d">VLOAD</subfield>
		<subfield code="y">201106171546</subfield>
		<subfield code="z">VLOAD</subfield>
	</datafield>
	<datafield ind1=" " ind2=" " tag="040">
		<subfield code="a">RERO jubmda</subfield>
	</datafield>
	<datafield ind1=" " ind2="7" tag="072">
		<subfield code="a">s1zz</subfield>
		<subfield code="2">rero</subfield>
	</datafield>
	<datafield ind1="1" ind2=" " tag="100">
		<subfield code="a">Bacus, Anne</subfield>
		<subfield code="4">cre</subfield>
		<subfield code="0">(IdRef)028965892</subfield>
	</datafield>
	<datafield ind1="1" ind2="0" tag="245">
		<subfield code="a">Questions au psy :</subfield>
		<subfield code="b">spécial petits /</subfield>
		<subfield code="c">Anne Bacus</subfield>
	</datafield>
	<datafield ind1=" " ind2="1" tag="264">
		<subfield code="a">Verviers :</subfield>
		<subfield code="b">Marabout,</subfield>
		<subfield code="c">2001</subfield>
	</datafield>
	<datafield ind1=" " ind2=" " tag="300">
		<subfield code="a">191 p. :</subfield>
		<subfield code="b">ill. ;</subfield>
		<subfield code="c">21 cm</subfield>
	</datafield>
	<datafield ind1=" " ind2=" " tag="336">
		<subfield code="b">txt</subfield>
		<subfield code="2">rdacontent</subfield>
	</datafield>
	<datafield ind1=" " ind2=" " tag="337">
		<subfield code="b">n</subfield>
		<subfield code="2">rdamedia</subfield>
	</datafield>
	<datafield ind1=" " ind2=" " tag="338">
		<subfield code="b">nc</subfield>
		<subfield code="2">rdacarrier</subfield>
	</datafield>
	<datafield ind1=" " ind2=" " tag="339">
		<subfield code="a">docmaintype_book</subfield>
		<subfield code="b">docsubtype_other_book</subfield>
	</datafield>
	<datafield ind1=" " ind2=" " tag="900">
		<subfield code="a">noselfmerge</subfield>
	</datafield>
	<datafield ind1=" " ind2=" " tag="904">
		<subfield code="a">jubmdare op114964</subfield>
	</datafield>
	<datafield ind1=" " ind2=" " tag="960">
		<subfield code="a">jubmda</subfield>
	</datafield>
	<datafield ind1=" " ind2=" " tag="984">
		<subfield code="2">jubmd</subfield>
		<subfield code="a">300.21</subfield>
	</datafield>
	<datafield ind1=" " ind2=" " tag="984">
		<subfield code="2">jubmd</subfield>
		<subfield code="a">ENFANT : EDUCATION</subfield>
	</datafield>
	<datafield ind1=" " ind2=" " tag="984">
		<subfield code="2">jubmd</subfield>
		<subfield code="a">ENFANT : PSYCHOLOGIE</subfield>
	</datafield>
</record>