

<record>
	<leader>02738nam a22005172a 4500</leader>
	<controlfield tag="001">REROILS:188</controlfield>
	<controlfield tag="003">RERO</controlfield>
	<controlfield tag="005">20181113172600.0</controlfield>
	<controlfield tag="008">140916m18691871ru ||| |  ||||00|  |rus d</controlfield>
	<datafield ind1=" " ind2=" " tag="019">
		<subfield code="a">Catalogage d'après ancienne fiche</subfield>
		<subfield code="9">gevbge/2014/Medea</subfield>
	</datafield>
	<datafield ind1=" " ind2=" " tag="035">
		<subfield code="a">R007882036</subfield>
	</datafield>
	<datafield ind1=" " ind2="9" tag="039">
		<subfield code="a">201811131726</subfield>
		<subfield code="b">AUTHORITY</subfield>
		<subfield code="c">201811131718</subfield>
		<subfield code="d">AUTHORITY</subfield>
		<subfield code="c">201706021007</subfield>
		<subfield code="d">VLOAD</subfield>
		<subfield code="c">201604051751</subfield>
		<subfield code="d">7951</subfield>
		<subfield code="y">201409161638</subfield>
		<subfield code="z">6030</subfield>
	</datafield>
	<datafield ind1=" " ind2=" " tag="040">
		<subfield code="a">RERO gevbge</subfield>
	</datafield>
	<datafield ind1=" " ind2="7" tag="072">
		<subfield code="a">s1zz</subfield>
		<subfield code="2">rero</subfield>
	</datafield>
	<datafield ind1="1" ind2=" " tag="100">
		<subfield code="6">880-01</subfield>
		<subfield code="a">Pushkin, Aleksandr Sergeevich,</subfield>
		<subfield code="d">1799-1837</subfield>
		<subfield code="4">cre</subfield>
		<subfield code="0">(IdRef)028188012</subfield>
	</datafield>
	<datafield ind1="1" ind2="0" tag="245">
		<subfield code="6">880-02</subfield>
		<subfield code="a">Polnoe sobranie sochineniĭ /</subfield>
		<subfield code="c">Aleksandr Pushkin</subfield>
	</datafield>
	<datafield ind1=" " ind2=" " tag="250">
		<subfield code="6">880-03</subfield>
		<subfield code="a">Izd. 2-e /</subfield>
		<subfield code="b">pod red. G. N. Gennadi</subfield>
	</datafield>
	<datafield ind1=" " ind2="1" tag="264">
		<subfield code="6">880-04</subfield>
		<subfield code="a">Sanktpeterburg :</subfield>
		<subfield code="b">izd. I︠A︡.A. Isakova,</subfield>
		<subfield code="c">1869-1871</subfield>
	</datafield>
	<datafield ind1=" " ind2=" " tag="300">
		<subfield code="a">6 vol. :</subfield>
		<subfield code="b">portr. ;</subfield>
		<subfield code="c">8°</subfield>
	</datafield>
	<datafield ind1=" " ind2=" " tag="336">
		<subfield code="b">txt</subfield>
		<subfield code="2">rdacontent</subfield>
	</datafield>
	<datafield ind1=" " ind2=" " tag="337">
		<subfield code="b">n</subfield>
		<subfield code="2">rdamedia</subfield>
	</datafield>
	<datafield ind1=" " ind2=" " tag="338">
		<subfield code="b">nc</subfield>
		<subfield code="2">rdacarrier</subfield>
	</datafield>
	<datafield ind1=" " ind2=" " tag="339">
		<subfield code="a">docmaintype_book</subfield>
		<subfield code="b">docsubtype_other_book</subfield>
	</datafield>
	<datafield ind1="0" ind2=" " tag="505">
		<subfield code="6">880-05</subfield>
		<subfield code="a">T. 1: Liricheskie stichotvorenii︠a︡</subfield>
	</datafield>
	<datafield ind1="0" ind2=" " tag="505">
		<subfield code="6">880-06</subfield>
		<subfield code="a">T. 2: Poėmy, skazki, Pesni zapadnykh slavi︠a︡n</subfield>
	</datafield>
	<datafield ind1="0" ind2=" " tag="505">
		<subfield code="6">880-07</subfield>
		<subfield code="a">T. 3: Evgeniĭ Onegin i dramaticheskii︠a︡ proizvedenii︠a︡</subfield>
	</datafield>
	<datafield ind1="0" ind2=" " tag="505">
		<subfield code="6">880-08</subfield>
		<subfield code="a">T. 4: Zapiski, zametki, romany i povesti</subfield>
	</datafield>
	<datafield ind1="0" ind2=" " tag="505">
		<subfield code="6">880-09</subfield>
		<subfield code="a">T. 5: Otryvki, zhurnalʹnye i istoricheskie statʹi</subfield>
	</datafield>
	<datafield ind1="0" ind2=" " tag="505">
		<subfield code="6">880-10</subfield>
		<subfield code="a">T. 6: Istorii︠a︡ Pugachevskago bunta</subfield>
	</datafield>
	<datafield ind1="1" ind2=" " tag="700">
		<subfield code="6">880-11</subfield>
		<subfield code="a">Gennadiĭ, Grigoriĭ Nikolaevich</subfield>
		<subfield code="0">(IdRef)094513627</subfield>
	</datafield>
	<datafield ind1="1" ind2=" " tag="880">
		<subfield code="6">100-01/(N</subfield>
		<subfield code="a">Пушкин, Александр Сергеевич,</subfield>
		<subfield code="d">1799-1837</subfield>
	</datafield>
	<datafield ind1="1" ind2="0" tag="880">
		<subfield code="6">245-02/(N</subfield>
		<subfield code="a">Полное собрание сочинений /</subfield>
		<subfield code="c">Александр Пушкин</subfield>
	</datafield>
	<datafield ind1=" " ind2=" " tag="880">
		<subfield code="6">250-03/(N</subfield>
		<subfield code="a">Изд. 2-е /</subfield>
		<subfield code="b">под ред. Г. Н. Геннади</subfield>
	</datafield>
	<datafield ind1="0" ind2=" " tag="880">
		<subfield code="6">505-05/(N</subfield>
		<subfield code="a">Т. 1: Лирические стихотворения</subfield>
	</datafield>
	<datafield ind1="0" ind2=" " tag="880">
		<subfield code="6">505-06/(N</subfield>
		<subfield code="a">Т. 2: Поэмы, сказки, Песни западных славян</subfield>
	</datafield>
	<datafield ind1="0" ind2=" " tag="880">
		<subfield code="6">505-07/(N</subfield>
		<subfield code="a">Т. 3: Евгений Онегин и драматическия произведения</subfield>
	</datafield>
	<datafield ind1="0" ind2=" " tag="880">
		<subfield code="6">505-08/(N</subfield>
		<subfield code="a">Т. 4: Записки, заметки, романы и повести</subfield>
	</datafield>
	<datafield ind1="0" ind2=" " tag="880">
		<subfield code="6">505-09/(N</subfield>
		<subfield code="a">Т. 5: Отрывки, журнальные и исторические статьи</subfield>
	</datafield>
	<datafield ind1="0" ind2=" " tag="880">
		<subfield code="6">505-10/(N</subfield>
		<subfield code="a">Т. 6: История Пугачевскаго бунта</subfield>
	</datafield>
	<datafield ind1="1" ind2=" " tag="880">
		<subfield code="6">700-11/(N</subfield>
		<subfield code="a">Геннадий, Григорий Николаевич</subfield>
	</datafield>
	<datafield ind1=" " ind2="1" tag="880">
		<subfield code="6">264-04/(N</subfield>
		<subfield code="a">Санктпетербург :</subfield>
		<subfield code="b">изд. Я.А. Исакова,</subfield>
		<subfield code="c">1869-1871</subfield>
	</datafield>
	<datafield ind1=" " ind2=" " tag="900">
		<subfield code="a">noselfmerge</subfield>
	</datafield>
	<datafield ind1=" " ind2=" " tag="902">
		<subfield code="a">recatge05</subfield>
	</datafield>
	<datafield ind1=" " ind2=" " tag="932">
		<subfield code="a">gevbge1020010</subfield>
	</datafield>
	<datafield ind1=" " ind2=" " tag="957">
		<subfield code="a">gevbge</subfield>
	</datafield>
</record>