

<record>
	<leader>01349nas a2200409 a 4500</leader>
	<controlfield tag="001">REROILS:39</controlfield>
	<controlfield tag="003">RERO</controlfield>
	<controlfield tag="005">20190705130500.0</controlfield>
	<controlfield tag="008">860625c19819999bl |||p|| ||||0 || 0por d</controlfield>
	<datafield ind1=" " ind2=" " tag="022">
		<subfield code="a">0102-6739</subfield>
	</datafield>
	<datafield ind1=" " ind2=" " tag="035">
		<subfield code="a">0725946</subfield>
	</datafield>
	<datafield ind1=" " ind2="9" tag="039">
		<subfield code="a">201907051305</subfield>
		<subfield code="b">VLOAD</subfield>
		<subfield code="c">201811162154</subfield>
		<subfield code="d">VLOAD</subfield>
		<subfield code="c">201808252346</subfield>
		<subfield code="d">VLOAD</subfield>
		<subfield code="c">201706101307</subfield>
		<subfield code="d">VLOAD</subfield>
		<subfield code="y">1999022802560000</subfield>
		<subfield code="z">load</subfield>
	</datafield>
	<datafield ind1=" " ind2=" " tag="040">
		<subfield code="a">RERO gevcjb</subfield>
	</datafield>
	<datafield ind1="0" ind2=" " tag="041">
		<subfield code="a">por</subfield>
		<subfield code="a">eng</subfield>
		<subfield code="a">spa</subfield>
	</datafield>
	<datafield ind1=" " ind2="7" tag="072">
		<subfield code="a">s1bo</subfield>
		<subfield code="2">rero</subfield>
	</datafield>
	<datafield ind1="1" ind2="0" tag="210">
		<subfield code="a">Atas Soc. Bot. Brasil, Secç. Rio de Janeiro.</subfield>
	</datafield>
	<datafield ind1="0" ind2="0" tag="245">
		<subfield code="a">Atas da Sociedade Botânica do Brasil, Secção Rio de Janeiro</subfield>
	</datafield>
	<datafield ind1=" " ind2="1" tag="264">
		<subfield code="a">Rio de Janeiro :</subfield>
		<subfield code="b">Sociedade Botânica do Brasil,</subfield>
		<subfield code="b">Secção Rio de Janeiro,</subfield>
		<subfield code="c">1981-&gt;</subfield>
	</datafield>
	<datafield ind1=" " ind2=" " tag="300">
		<subfield code="c">24 cm</subfield>
	</datafield>
	<datafield ind1=" " ind2=" " tag="310">
		<subfield code="a">Irrégulier</subfield>
	</datafield>
	<datafield ind1=" " ind2=" " tag="336">
		<subfield code="b">txt</subfield>
		<subfield code="2">rdacontent</subfield>
	</datafield>
	<datafield ind1=" " ind2=" " tag="337">
		<subfield code="b">n</subfield>
		<subfield code="2">rdamedia</subfield>
	</datafield>
	<datafield ind1=" " ind2=" " tag="338">
		<subfield code="b">nc</subfield>
		<subfield code="2">rdacarrier</subfield>
	</datafield>
	<datafield ind1=" " ind2=" " tag="339">
		<subfield code="a">docmaintype_serial</subfield>
	</datafield>
	<datafield ind1="0" ind2=" " tag="362">
		<subfield code="a">Vol. 1(1981/83)-&gt;</subfield>
	</datafield>
	<datafield ind1=" " ind2="7" tag="650">
		<subfield code="a">Botanique</subfield>
		<subfield code="2">rero</subfield>
	</datafield>
	<datafield ind1=" " ind2="7" tag="650">
		<subfield code="a">végétation</subfield>
		<subfield code="2">rerovoc</subfield>
	</datafield>
	<datafield ind1=" " ind2="7" tag="650">
		<subfield code="a">Plantes</subfield>
		<subfield code="2">rero</subfield>
	</datafield>
	<datafield ind1=" " ind2="7" tag="651">
		<subfield code="a">Brésil</subfield>
		<subfield code="2">rero</subfield>
		<subfield code="0">(IdRef)02722953X</subfield>
	</datafield>
	<datafield ind1=" " ind2="7" tag="655">
		<subfield code="a">[Périodiques]</subfield>
		<subfield code="2">rero</subfield>
	</datafield>
	<datafield ind1="2" ind2=" " tag="710">
		<subfield code="a">Sociedade Botânica do Brasil.</subfield>
		<subfield code="b">Secção Rio de Janeiro</subfield>
	</datafield>
	<datafield ind1=" " ind2=" " tag="900">
		<subfield code="a">noselfmerge</subfield>
	</datafield>
	<datafield ind1=" " ind2=" " tag="919">
		<subfield code="9">650 _7</subfield>
		<subfield code="a">botanique</subfield>
		<subfield code="v">[périodique]</subfield>
		<subfield code="2">chrero</subfield>
	</datafield>
	<datafield ind1=" " ind2=" " tag="919">
		<subfield code="9">650 _7</subfield>
		<subfield code="a">flore</subfield>
		<subfield code="x">végétation</subfield>
		<subfield code="z">Brésil</subfield>
		<subfield code="v">[périodique]</subfield>
		<subfield code="2">chrero</subfield>
	</datafield>
	<datafield ind1=" " ind2=" " tag="957">
		<subfield code="a">gevcjb</subfield>
	</datafield>
	<datafield ind1=" " ind2=" " tag="982">
		<subfield code="2">cdu-gevcjb</subfield>
		<subfield code="a">P(81)82</subfield>
	</datafield>
	<datafield ind1=" " ind2=" " tag="992">
		<subfield code="a">BOTP 400</subfield>
		<subfield code="x">ge/vcjb/e/1983</subfield>
	</datafield>
</record>