

<record>
	<leader>01160cam a2200373 a 4500</leader>
	<controlfield tag="001">REROILS:146</controlfield>
	<controlfield tag="003">RERO</controlfield>
	<controlfield tag="005">20190301162300.0</controlfield>
	<controlfield tag="008">860811s1983    gw |||||| ||||00|| |ger d</controlfield>
	<datafield ind1=" " ind2=" " tag="020">
		<subfield code="a">9783518010020</subfield>
	</datafield>
	<datafield ind1=" " ind2=" " tag="035">
		<subfield code="a">0739544</subfield>
	</datafield>
	<datafield ind1=" " ind2="9" tag="039">
		<subfield code="a">201903011623</subfield>
		<subfield code="b">AUTHORITY</subfield>
		<subfield code="c">201811081150</subfield>
		<subfield code="d">7851</subfield>
		<subfield code="c">201810251613</subfield>
		<subfield code="d">7856</subfield>
		<subfield code="c">201810251609</subfield>
		<subfield code="d">7856</subfield>
		<subfield code="y">1999022803150000</subfield>
		<subfield code="z">load</subfield>
	</datafield>
	<datafield ind1=" " ind2=" " tag="040">
		<subfield code="a">RERO geulal</subfield>
	</datafield>
	<datafield ind1=" " ind2="7" tag="072">
		<subfield code="a">s1ph</subfield>
		<subfield code="2">rero</subfield>
	</datafield>
	<datafield ind1="1" ind2=" " tag="100">
		<subfield code="a">Benjamin, Walter,</subfield>
		<subfield code="d">1892-1940</subfield>
		<subfield code="4">cre</subfield>
		<subfield code="0">(IdRef)026717948</subfield>
	</datafield>
	<datafield ind1="1" ind2="0" tag="245">
		<subfield code="a">Berliner Kindheit um Neunzehnhundert /</subfield>
		<subfield code="c">Walter Benjamin</subfield>
	</datafield>
	<datafield ind1=" " ind2="1" tag="264">
		<subfield code="a">Frankfurt am Main :</subfield>
		<subfield code="b">Suhrkamp,</subfield>
		<subfield code="c">1983</subfield>
	</datafield>
	<datafield ind1=" " ind2=" " tag="300">
		<subfield code="a">170 p. ;</subfield>
		<subfield code="c">19 cm</subfield>
	</datafield>
	<datafield ind1=" " ind2=" " tag="336">
		<subfield code="b">txt</subfield>
		<subfield code="2">rdacontent</subfield>
	</datafield>
	<datafield ind1=" " ind2=" " tag="337">
		<subfield code="b">n</subfield>
		<subfield code="2">rdamedia</subfield>
	</datafield>
	<datafield ind1=" " ind2=" " tag="338">
		<subfield code="b">nc</subfield>
		<subfield code="2">rdacarrier</subfield>
	</datafield>
	<datafield ind1=" " ind2=" " tag="339">
		<subfield code="a">docmaintype_book</subfield>
		<subfield code="b">docsubtype_other_book</subfield>
	</datafield>
	<datafield ind1="1" ind2=" " tag="490">
		<subfield code="a">Bibliothek Suhrkamp</subfield>
		<subfield code="v">Bd. 2</subfield>
	</datafield>
	<datafield ind1=" " ind2="0" tag="830">
		<subfield code="a">Bibliothek Suhrkamp</subfield>
		<subfield code="v">2</subfield>
		<subfield code="w">REROILS:2000050</subfield>
	</datafield>
	<datafield ind1=" " ind2=" " tag="900">
		<subfield code="a">noselfmerge</subfield>
	</datafield>
	<datafield ind1=" " ind2=" " tag="902">
		<subfield code="a">geheid</subfield>
		<subfield code="b">2018/11</subfield>
		<subfield code="c">400</subfield>
	</datafield>
	<datafield ind1=" " ind2=" " tag="902">
		<subfield code="a">fondsdubois</subfield>
	</datafield>
	<datafield ind1=" " ind2=" " tag="957">
		<subfield code="a">geheid geulal</subfield>
	</datafield>
	<datafield ind1=" " ind2=" " tag="960">
		<subfield code="a">julcp-</subfield>
	</datafield>
	<datafield ind1=" " ind2=" " tag="982">
		<subfield code="2">ge-ulal</subfield>
		<subfield code="a">G-PHILO BENJ 7*Ber k</subfield>
	</datafield>
	<datafield ind1=" " ind2=" " tag="982">
		<subfield code="2">heid</subfield>
		<subfield code="a">840(43)</subfield>
	</datafield>
	<datafield ind1=" " ind2=" " tag="982">
		<subfield code="2">ge-heid</subfield>
		<subfield code="a">840(43) HEIDUB 429</subfield>
	</datafield>
	<datafield ind1=" " ind2=" " tag="984">
		<subfield code="2">jumat</subfield>
		<subfield code="a">littérature allemande : auteur : 20e s.</subfield>
	</datafield>
	<datafield ind1=" " ind2=" " tag="992">
		<subfield code="a">BFLA 9812</subfield>
		<subfield code="x">ge/ulal/a/86/618</subfield>
	</datafield>
</record>