

<record>
	<leader>01534nas a2200349 a 4500</leader>
	<controlfield tag="001">REROILS:176</controlfield>
	<controlfield tag="003">RERO</controlfield>
	<controlfield tag="005">20170517181400.0</controlfield>
	<controlfield tag="008">950508d18551954xxk|||p|| ||||0 || 0eng d</controlfield>
	<datafield ind1=" " ind2=" " tag="035">
		<subfield code="a">2017654</subfield>
	</datafield>
	<datafield ind1=" " ind2="9" tag="039">
		<subfield code="a">201705171814</subfield>
		<subfield code="b">VLOAD</subfield>
		<subfield code="c">200812220325</subfield>
		<subfield code="d">VLOAD</subfield>
		<subfield code="c">200709181819</subfield>
		<subfield code="d">VLOAD</subfield>
		<subfield code="c">200605291655</subfield>
		<subfield code="d">VLOAD</subfield>
		<subfield code="y">1999030109450000</subfield>
		<subfield code="z">load</subfield>
	</datafield>
	<datafield ind1=" " ind2=" " tag="040">
		<subfield code="a">RERO geudbu</subfield>
	</datafield>
	<datafield ind1=" " ind2="7" tag="072">
		<subfield code="a">s1me</subfield>
		<subfield code="2">rero</subfield>
	</datafield>
	<datafield ind1="0" ind2="0" tag="245">
		<subfield code="a">Edinburgh medical journal</subfield>
	</datafield>
	<datafield ind1=" " ind2="1" tag="264">
		<subfield code="a">Edinburgh :</subfield>
		<subfield code="b">Oliver and Boyd ;</subfield>
		<subfield code="a">London :</subfield>
		<subfield code="b">Simpkin Marshall</subfield>
	</datafield>
	<datafield ind1=" " ind2=" " tag="300">
		<subfield code="c">21 cm</subfield>
	</datafield>
	<datafield ind1=" " ind2=" " tag="336">
		<subfield code="b">txt</subfield>
		<subfield code="2">rdacontent</subfield>
	</datafield>
	<datafield ind1=" " ind2=" " tag="337">
		<subfield code="b">n</subfield>
		<subfield code="2">rdamedia</subfield>
	</datafield>
	<datafield ind1=" " ind2=" " tag="338">
		<subfield code="b">nc</subfield>
		<subfield code="2">rdacarrier</subfield>
	</datafield>
	<datafield ind1=" " ind2=" " tag="339">
		<subfield code="a">docmaintype_serial</subfield>
	</datafield>
	<datafield ind1="0" ind2=" " tag="362">
		<subfield code="a">Vol. 1(1855) - vol. 42(1896) ; n.s., vol. 1(1897) - vol. 23(1908) ; n.s., vol. 1(1908) - vol. 61(1954)</subfield>
	</datafield>
	<datafield ind1=" " ind2=" " tag="580">
		<subfield code="a">Absorbe en 1908: Scottish medical and surgical journal. Fusion de: Monthly journal of medicine. Et de: Edinburgh medical and surgical journal. 2017590 Devient après fusion: Scottish medical journal</subfield>
	</datafield>
	<datafield ind1=" " ind2=" " tag="580">
		<subfield code="a">Contient depuis 1921: Transactions of the Edinburgh Obstetrical Society. Et: Transactions of the Medico-Chirurgical Society of Edinburgh</subfield>
	</datafield>
	<datafield ind1="1" ind2=" " tag="772">
		<subfield code="t">Transactions of the Edinburgh Obstetrical Society</subfield>
		<subfield code="w">REROILS:2000052</subfield>
	</datafield>
	<datafield ind1="1" ind2=" " tag="772">
		<subfield code="t">Transactions of the Medico-Chirurgical Society of Edinburgh</subfield>
		<subfield code="w">REROILS:2000053</subfield>
	</datafield>
	<datafield ind1="1" ind2="0" tag="780">
		<subfield code="t">Monthly journal of medicine</subfield>
	</datafield>
	<datafield ind1="1" ind2="0" tag="780">
		<subfield code="t">Edinburgh medical and surgical journal. 2017590</subfield>
	</datafield>
	<datafield ind1="1" ind2="0" tag="780">
		<subfield code="t">Scottish medical &amp; [and] surgical journal</subfield>
		<subfield code="w">REROILS:2000051</subfield>
	</datafield>
	<datafield ind1="1" ind2="0" tag="785">
		<subfield code="t">Scottish medical journal</subfield>
	</datafield>
	<datafield ind1=" " ind2=" " tag="900">
		<subfield code="a">noselfmerge</subfield>
	</datafield>
	<datafield ind1=" " ind2=" " tag="957">
		<subfield code="a">gevbge</subfield>
	</datafield>
	<datafield ind1=" " ind2=" " tag="992">
		<subfield code="a">BGE NA 167*</subfield>
		<subfield code="x">ge/vbge/w</subfield>
	</datafield>
</record>