

<record>
	<leader>01694nam a22003852a 4500</leader>
	<controlfield tag="001">REROILS:259</controlfield>
	<controlfield tag="003">RERO</controlfield>
	<controlfield tag="005">20190701151600.0</controlfield>
	<controlfield tag="008">110218s2008    fr ||| |  ||||00|  |fre d</controlfield>
	<datafield ind1=" " ind2=" " tag="019">
		<subfield code="a">Notice créée dans le cadre de la migration de la BM Delémont</subfield>
		<subfield code="9">jubmdj/04.2011</subfield>
	</datafield>
	<datafield ind1=" " ind2=" " tag="020">
		<subfield code="a">9782701147192</subfield>
	</datafield>
	<datafield ind1="7" ind2=" " tag="024">
		<subfield code="a">http://catalogue.bnf.fr/ark:/12148/cb41297649h</subfield>
		<subfield code="2">uri</subfield>
	</datafield>
	<datafield ind1=" " ind2=" " tag="035">
		<subfield code="a">R006038120</subfield>
	</datafield>
	<datafield ind1=" " ind2="9" tag="039">
		<subfield code="a">201907011516</subfield>
		<subfield code="b">3917</subfield>
		<subfield code="c">201906280948</subfield>
		<subfield code="d">3912</subfield>
		<subfield code="c">201807261720</subfield>
		<subfield code="d">4997</subfield>
		<subfield code="c">201804030837</subfield>
		<subfield code="d">VLOAD</subfield>
		<subfield code="y">201106171617</subfield>
		<subfield code="z">VLOAD</subfield>
	</datafield>
	<datafield ind1=" " ind2=" " tag="040">
		<subfield code="a">RERO jubmdj</subfield>
	</datafield>
	<datafield ind1=" " ind2="7" tag="072">
		<subfield code="a">s1ha</subfield>
		<subfield code="2">rero</subfield>
	</datafield>
	<datafield ind1="1" ind2=" " tag="100">
		<subfield code="a">Dumont-Le Cornec, Elisabeth</subfield>
		<subfield code="4">cre</subfield>
		<subfield code="0">(IdRef)070192979</subfield>
	</datafield>
	<datafield ind1="1" ind2="2" tag="245">
		<subfield code="a">L'Egypte des pharaons, comment c'était ? /</subfield>
		<subfield code="c">Elisabeth Dumont-Le Cornec, Rébecca Dautremer, Laurent Sabathié</subfield>
	</datafield>
	<datafield ind1=" " ind2="1" tag="264">
		<subfield code="a">Paris :</subfield>
		<subfield code="b">Belin,</subfield>
		<subfield code="c">2008</subfield>
	</datafield>
	<datafield ind1=" " ind2=" " tag="300">
		<subfield code="a">1 vol. (non paginé) :</subfield>
		<subfield code="b">ill.,</subfield>
		<subfield code="c">22 cm</subfield>
	</datafield>
	<datafield ind1=" " ind2=" " tag="336">
		<subfield code="b">txt</subfield>
		<subfield code="2">rdacontent</subfield>
	</datafield>
	<datafield ind1=" " ind2=" " tag="337">
		<subfield code="b">n</subfield>
		<subfield code="2">rdamedia</subfield>
	</datafield>
	<datafield ind1=" " ind2=" " tag="338">
		<subfield code="b">nc</subfield>
		<subfield code="2">rdacarrier</subfield>
	</datafield>
	<datafield ind1=" " ind2=" " tag="339">
		<subfield code="a">docmaintype_book</subfield>
		<subfield code="b">docsubtype_other_book</subfield>
	</datafield>
	<datafield ind1="0" ind2=" " tag="490">
		<subfield code="a">Les Questions de Justine</subfield>
	</datafield>
	<datafield ind1="8" ind2=" " tag="520">
		<subfield code="a">Egypte des pharaons, comment c'était? Comment vivaient les Egyptiens? Comment écrivaient-ils ? Qui étaient les pharaons ? À quoi servaient les pyramides ? Avec Justine, réponds à toutes ces questions ! Pars à la découverte des magnifiques trésors que nous ont laissés les Égyptiens et qui te feront voyager dans une autre époque. Une histoire que l'on peut lire à deux, dès 4 ans.</subfield>
		<subfield code="9">vdroll/06.2015</subfield>
	</datafield>
	<datafield ind1=" " ind2=" " tag="521">
		<subfield code="a">Enfants (6-9 ans)</subfield>
		<subfield code="9">vschab/07.2015</subfield>
	</datafield>
	<datafield ind1="1" ind2=" " tag="700">
		<subfield code="a">Dautremer, Rébecca</subfield>
		<subfield code="0">(IdRef)05737841X</subfield>
	</datafield>
	<datafield ind1="1" ind2=" " tag="700">
		<subfield code="a">Sabathié, Laurent</subfield>
		<subfield code="0">(IdRef)052496767</subfield>
	</datafield>
	<datafield ind1=" " ind2=" " tag="900">
		<subfield code="a">noselfmerge</subfield>
	</datafield>
	<datafield ind1=" " ind2=" " tag="919">
		<subfield code="a">Egypte : histoire</subfield>
		<subfield code="2">vschab</subfield>
	</datafield>
	<datafield ind1=" " ind2=" " tag="919">
		<subfield code="a">fiction</subfield>
		<subfield code="2">vschab</subfield>
	</datafield>
	<datafield ind1=" " ind2=" " tag="919">
		<subfield code="a">pharaon</subfield>
		<subfield code="2">vschab</subfield>
	</datafield>
	<datafield ind1=" " ind2=" " tag="960">
		<subfield code="a">bemcip</subfield>
	</datafield>
	<datafield ind1=" " ind2=" " tag="973">
		<subfield code="a">vsmome</subfield>
	</datafield>
</record>