

<record>
	<leader>02016nam a2200529 a 4500</leader>
	<controlfield tag="001">REROILS:212</controlfield>
	<controlfield tag="003">RERO</controlfield>
	<controlfield tag="005">20170610172800.0</controlfield>
	<controlfield tag="008">940308s1993    xxu|||||| ||||00|| |fre d</controlfield>
	<datafield ind1=" " ind2=" " tag="020">
		<subfield code="a">9789290450870</subfield>
	</datafield>
	<datafield ind1=" " ind2=" " tag="035">
		<subfield code="a">1822447</subfield>
	</datafield>
	<datafield ind1=" " ind2="9" tag="039">
		<subfield code="a">201706101728</subfield>
		<subfield code="b">VLOAD</subfield>
		<subfield code="c">201605161350</subfield>
		<subfield code="d">VLOAD</subfield>
		<subfield code="c">201107140852</subfield>
		<subfield code="d">7870</subfield>
		<subfield code="c">200912292315</subfield>
		<subfield code="d">VLOAD</subfield>
		<subfield code="y">1999030104410000</subfield>
		<subfield code="z">load</subfield>
	</datafield>
	<datafield ind1=" " ind2=" " tag="040">
		<subfield code="a">RERO gevbpu</subfield>
	</datafield>
	<datafield ind1=" " ind2="7" tag="072">
		<subfield code="a">s1sp</subfield>
		<subfield code="2">rero</subfield>
	</datafield>
	<datafield ind1="1" ind2=" " tag="100">
		<subfield code="a">Pilandon, Louis</subfield>
		<subfield code="4">cre</subfield>
		<subfield code="0">(IdRef)032014201</subfield>
	</datafield>
	<datafield ind1="1" ind2="0" tag="245">
		<subfield code="a">Transition vers l'économie de marché des pays &quot;ex de l'Est&quot; /</subfield>
		<subfield code="c">Louis Pilandon</subfield>
	</datafield>
	<datafield ind1=" " ind2="1" tag="264">
		<subfield code="a">New York :</subfield>
		<subfield code="b">Nations Unies,</subfield>
		<subfield code="c">1993</subfield>
	</datafield>
	<datafield ind1=" " ind2=" " tag="300">
		<subfield code="a">VI, 90 p. ;</subfield>
		<subfield code="c">30 cm</subfield>
	</datafield>
	<datafield ind1=" " ind2=" " tag="336">
		<subfield code="b">txt</subfield>
		<subfield code="2">rdacontent</subfield>
	</datafield>
	<datafield ind1=" " ind2=" " tag="337">
		<subfield code="b">n</subfield>
		<subfield code="2">rdamedia</subfield>
	</datafield>
	<datafield ind1=" " ind2=" " tag="338">
		<subfield code="b">nc</subfield>
		<subfield code="2">rdacarrier</subfield>
	</datafield>
	<datafield ind1=" " ind2=" " tag="339">
		<subfield code="a">docmaintype_book</subfield>
		<subfield code="b">docsubtype_other_book</subfield>
	</datafield>
	<datafield ind1="1" ind2=" " tag="490">
		<subfield code="a">Travaux de recherche / Institut des Nations Unies pour la recherche sur le désarmement</subfield>
		<subfield code="v">n⁰ 23</subfield>
	</datafield>
	<datafield ind1=" " ind2="7" tag="650">
		<subfield code="a">Économie de marché</subfield>
		<subfield code="2">rero</subfield>
	</datafield>
	<datafield ind1=" " ind2="7" tag="650">
		<subfield code="a">changement économique</subfield>
		<subfield code="2">rerovoc</subfield>
	</datafield>
	<datafield ind1=" " ind2="7" tag="651">
		<subfield code="a">Europe orientale</subfield>
		<subfield code="2">rero</subfield>
	</datafield>
	<datafield ind1=" " ind2="0" tag="830">
		<subfield code="a">Travaux de recherche / Institut des Nations Unies pour la recherche sur le désarmement</subfield>
		<subfield code="v">23</subfield>
		<subfield code="w">REROILS:2000054</subfield>
	</datafield>
	<datafield ind1=" " ind2=" " tag="900">
		<subfield code="a">noselfmerge</subfield>
	</datafield>
	<datafield ind1=" " ind2=" " tag="919">
		<subfield code="9">650 _7</subfield>
		<subfield code="a">économie de marché</subfield>
		<subfield code="z">Europe orientale</subfield>
		<subfield code="2">chrero</subfield>
	</datafield>
	<datafield ind1=" " ind2=" " tag="919">
		<subfield code="9">650 _7</subfield>
		<subfield code="a">changement économique</subfield>
		<subfield code="z">Europe orientale</subfield>
		<subfield code="2">chrero</subfield>
	</datafield>
	<datafield ind1=" " ind2=" " tag="953">
		<subfield code="a">ifisdc</subfield>
	</datafield>
	<datafield ind1=" " ind2=" " tag="957">
		<subfield code="a">geheid gevbge</subfield>
	</datafield>
	<datafield ind1=" " ind2=" " tag="962">
		<subfield code="a">nebpun</subfield>
	</datafield>
	<datafield ind1=" " ind2=" " tag="980">
		<subfield code="2">dr-sys</subfield>
		<subfield code="a">BB 40.3 h</subfield>
	</datafield>
	<datafield ind1=" " ind2=" " tag="982">
		<subfield code="2">twse</subfield>
		<subfield code="a">transition</subfield>
	</datafield>
	<datafield ind1=" " ind2=" " tag="982">
		<subfield code="2">twse</subfield>
		<subfield code="a">Fédération de Russie</subfield>
	</datafield>
	<datafield ind1=" " ind2=" " tag="982">
		<subfield code="2">twse</subfield>
		<subfield code="a">réformes économiques</subfield>
	</datafield>
	<datafield ind1=" " ind2=" " tag="982">
		<subfield code="2">twse</subfield>
		<subfield code="a">Pologne</subfield>
	</datafield>
	<datafield ind1=" " ind2=" " tag="982">
		<subfield code="2">twse</subfield>
		<subfield code="a">libéralisation</subfield>
	</datafield>
	<datafield ind1=" " ind2=" " tag="982">
		<subfield code="2">twse</subfield>
		<subfield code="a">Europe orientale</subfield>
	</datafield>
	<datafield ind1=" " ind2=" " tag="982">
		<subfield code="2">twse</subfield>
		<subfield code="a">Europe du Sud-Est</subfield>
	</datafield>
	<datafield ind1=" " ind2=" " tag="982">
		<subfield code="2">heid</subfield>
		<subfield code="a">341.67(050)</subfield>
	</datafield>
	<datafield ind1=" " ind2=" " tag="982">
		<subfield code="2">ge-heid</subfield>
		<subfield code="a">341.67(050) HEIA 6347/23</subfield>
	</datafield>
	<datafield ind1=" " ind2=" " tag="983">
		<subfield code="2">isdc</subfield>
		<subfield code="a">BB 40.3 h PILA 1993</subfield>
	</datafield>
	<datafield ind1=" " ind2=" " tag="992">
		<subfield code="a">BGE BXM 2044</subfield>
		<subfield code="x">ge/vbge/w/94</subfield>
	</datafield>
	<datafield ind1=" " ind2=" " tag="994">
		<subfield code="a">NP ZA 2642</subfield>
		<subfield code="x">ne/bpun/a/1995/3323</subfield>
	</datafield>
</record>