

<record>
	<leader>01075naa a22002897a 4500</leader>
	<controlfield tag="001">REROILS:3</controlfield>
	<controlfield tag="003">RERO</controlfield>
	<controlfield tag="005">20170518153600.0</controlfield>
	<controlfield tag="008">010511s2000    sz ||| |  ||||00|  |eng d</controlfield>
	<datafield ind1=" " ind2=" " tag="035">
		<subfield code="a">R003481420</subfield>
	</datafield>
	<datafield ind1=" " ind2="9" tag="039">
		<subfield code="a">201705181536</subfield>
		<subfield code="b">VLOAD</subfield>
		<subfield code="c">201605141234</subfield>
		<subfield code="d">VLOAD</subfield>
		<subfield code="c">201210191844</subfield>
		<subfield code="d">VLOAD</subfield>
		<subfield code="c">201112200023</subfield>
		<subfield code="d">VLOAD</subfield>
		<subfield code="y">200506240054</subfield>
		<subfield code="z">VLOAD</subfield>
	</datafield>
	<datafield ind1=" " ind2=" " tag="040">
		<subfield code="a">RERO gewcc-</subfield>
	</datafield>
	<datafield ind1=" " ind2="7" tag="072">
		<subfield code="a">s1th</subfield>
		<subfield code="2">rero</subfield>
	</datafield>
	<datafield ind1="1" ind2=" " tag="100">
		<subfield code="a">Schneider, Fritz Christian</subfield>
		<subfield code="4">cre</subfield>
	</datafield>
	<datafield ind1="1" ind2="0" tag="245">
		<subfield code="a">Healing in the local church :</subfield>
		<subfield code="b">Oekolampad Basle, Switzerland /</subfield>
		<subfield code="c">Fritz Christian Schneider</subfield>
	</datafield>
	<datafield ind1=" " ind2="1" tag="264">
		<subfield code="c">2001</subfield>
	</datafield>
	<datafield ind1=" " ind2=" " tag="336">
		<subfield code="b">txt</subfield>
		<subfield code="2">rdacontent</subfield>
	</datafield>
	<datafield ind1=" " ind2=" " tag="337">
		<subfield code="b">n</subfield>
		<subfield code="2">rdamedia</subfield>
	</datafield>
	<datafield ind1=" " ind2=" " tag="338">
		<subfield code="b">nc</subfield>
		<subfield code="2">rdacarrier</subfield>
	</datafield>
	<datafield ind1=" " ind2=" " tag="339">
		<subfield code="a">docmaintype_article</subfield>
	</datafield>
	<datafield ind1=" " ind2=" " tag="580">
		<subfield code="a">In: International Review of Mission ; vol. 90, nos 356/357, January/April 2001, pp. 137-139</subfield>
	</datafield>
	<datafield ind1="1" ind2=" " tag="773">
		<subfield code="t">International review of mission</subfield>
		<subfield code="g">vol. 90, nos 356/357, January/April 2001, pp. 137-139</subfield>
	</datafield>
	<datafield ind1=" " ind2=" " tag="957">
		<subfield code="a">gewcc-</subfield>
	</datafield>
	<datafield ind1=" " ind2=" " tag="982">
		<subfield code="2">wccsh</subfield>
		<subfield code="a">Switzerland</subfield>
		<subfield code="d">Christianity</subfield>
	</datafield>
	<datafield ind1=" " ind2=" " tag="982">
		<subfield code="2">wccsh</subfield>
		<subfield code="a">Healing</subfield>
		<subfield code="d">Ecumenical theology</subfield>
	</datafield>
	<datafield ind1=" " ind2=" " tag="982">
		<subfield code="2">wccsh</subfield>
		<subfield code="a">Health</subfield>
	</datafield>
	<datafield ind1=" " ind2=" " tag="982">
		<subfield code="2">wccsh</subfield>
		<subfield code="a">Missions</subfield>
		<subfield code="d">Ecumenical theology</subfield>
	</datafield>
</record>