

<record>
	<leader>01386nam a2200385 a 4500</leader>
	<controlfield tag="001">REROILS:109</controlfield>
	<controlfield tag="003">RERO</controlfield>
	<controlfield tag="005">20191122093100.0</controlfield>
	<controlfield tag="008">860430s1974    sz |||||| ||||01|| |ger d</controlfield>
	<datafield ind1=" " ind2=" " tag="020">
		<subfield code="a">9783456800134</subfield>
	</datafield>
	<datafield ind1="7" ind2=" " tag="024">
		<subfield code="a">http://catalogue.bnf.fr/ark:/12148/cb353876357</subfield>
		<subfield code="2">uri</subfield>
	</datafield>
	<datafield ind1=" " ind2=" " tag="035">
		<subfield code="a">0706587</subfield>
	</datafield>
	<datafield ind1=" " ind2="9" tag="039">
		<subfield code="a">201911220931</subfield>
		<subfield code="b">VLOAD</subfield>
		<subfield code="c">201706101236</subfield>
		<subfield code="d">VLOAD</subfield>
		<subfield code="c">201704040851</subfield>
		<subfield code="d">VLOAD</subfield>
		<subfield code="c">201608291717</subfield>
		<subfield code="d">0210</subfield>
		<subfield code="y">1999022802280000</subfield>
		<subfield code="z">load</subfield>
	</datafield>
	<datafield ind1=" " ind2=" " tag="040">
		<subfield code="a">RERO labcud</subfield>
	</datafield>
	<datafield ind1=" " ind2="7" tag="072">
		<subfield code="a">s1ps</subfield>
		<subfield code="2">rero</subfield>
	</datafield>
	<datafield ind1="0" ind2="0" tag="245">
		<subfield code="a">Dichotomie und Duplizität :</subfield>
		<subfield code="b">Grundfragen psychologischer Erkenntnis : Ernst August Dölle zum Gedächtnis /</subfield>
		<subfield code="c">[Hrsg. Theo W. Herrmann] ; [Mitarb. Hans W. Albert...et al.]</subfield>
	</datafield>
	<datafield ind1=" " ind2="1" tag="264">
		<subfield code="a">Bern ;</subfield>
		<subfield code="a">Stuttgart [etc.] :</subfield>
		<subfield code="b">H.Huber,</subfield>
		<subfield code="c">[1974]</subfield>
	</datafield>
	<datafield ind1=" " ind2="4" tag="264">
		<subfield code="c">© 1974</subfield>
	</datafield>
	<datafield ind1=" " ind2=" " tag="300">
		<subfield code="a">248 p. ;</subfield>
		<subfield code="c">23 cm</subfield>
	</datafield>
	<datafield ind1=" " ind2=" " tag="336">
		<subfield code="b">txt</subfield>
		<subfield code="2">rdacontent</subfield>
	</datafield>
	<datafield ind1=" " ind2=" " tag="337">
		<subfield code="b">n</subfield>
		<subfield code="2">rdamedia</subfield>
	</datafield>
	<datafield ind1=" " ind2=" " tag="338">
		<subfield code="b">nc</subfield>
		<subfield code="2">rdacarrier</subfield>
	</datafield>
	<datafield ind1=" " ind2=" " tag="339">
		<subfield code="a">docmaintype_book</subfield>
		<subfield code="b">docsubtype_other_book</subfield>
	</datafield>
	<datafield ind1=" " ind2="7" tag="650">
		<subfield code="a">Dichotomie</subfield>
		<subfield code="2">rero</subfield>
	</datafield>
	<datafield ind1=" " ind2="7" tag="650">
		<subfield code="a">Psychologie</subfield>
		<subfield code="2">rero</subfield>
	</datafield>
	<datafield ind1=" " ind2="7" tag="655">
		<subfield code="a">[Études diverses]</subfield>
		<subfield code="2">rero</subfield>
	</datafield>
	<datafield ind1="1" ind2=" " tag="700">
		<subfield code="a">Herrmann, Theo,</subfield>
		<subfield code="d">1929-</subfield>
		<subfield code="0">(IdRef)030782805</subfield>
	</datafield>
	<datafield ind1="1" ind2=" " tag="700">
		<subfield code="a">Albert, Hans</subfield>
	</datafield>
	<datafield ind1="1" ind2=" " tag="700">
		<subfield code="a">Dölle, Ernst August</subfield>
	</datafield>
	<datafield ind1=" " ind2=" " tag="900">
		<subfield code="a">noselfmerge</subfield>
	</datafield>
	<datafield ind1=" " ind2=" " tag="919">
		<subfield code="9">650 _7</subfield>
		<subfield code="a">dichotomie</subfield>
		<subfield code="x">* psychologie</subfield>
		<subfield code="v">[études diverses]</subfield>
		<subfield code="2">chrero</subfield>
	</datafield>
	<datafield ind1=" " ind2=" " tag="956">
		<subfield code="a">frbcuc</subfield>
	</datafield>
	<datafield ind1=" " ind2=" " tag="960">
		<subfield code="a">jusad-</subfield>
	</datafield>
</record>