

<record>
	<leader>01345nam a22003737a 4500</leader>
	<controlfield tag="001">REROILS:120</controlfield>
	<controlfield tag="003">RERO</controlfield>
	<controlfield tag="005">20180109121500.0</controlfield>
	<controlfield tag="008">150428s1886    fr ||| |  ||||00|  |fre d</controlfield>
	<datafield ind1=" " ind2=" " tag="019">
		<subfield code="a">Catalogage à l'exemplaire !!!</subfield>
		<subfield code="9">vsbcvs/04.2015</subfield>
	</datafield>
	<datafield ind1="7" ind2=" " tag="024">
		<subfield code="a">http://catalogue.bnf.fr/ark:/12148/cb31288353v</subfield>
		<subfield code="2">uri</subfield>
	</datafield>
	<datafield ind1=" " ind2=" " tag="035">
		<subfield code="a">R008133944</subfield>
	</datafield>
	<datafield ind1=" " ind2="7" tag="039">
		<subfield code="b">1000</subfield>
	</datafield>
	<datafield ind1=" " ind2="9" tag="039">
		<subfield code="a">201801091215</subfield>
		<subfield code="b">1010</subfield>
		<subfield code="c">201705201457</subfield>
		<subfield code="d">VLOAD</subfield>
		<subfield code="c">201705030112</subfield>
		<subfield code="d">VLOAD</subfield>
		<subfield code="c">201510011338</subfield>
		<subfield code="d">VLOAD</subfield>
		<subfield code="y">201504281017</subfield>
		<subfield code="z">1000</subfield>
	</datafield>
	<datafield ind1=" " ind2=" " tag="040">
		<subfield code="a">FRBNF</subfield>
		<subfield code="d">RERO vsbcvs</subfield>
	</datafield>
	<datafield ind1=" " ind2="7" tag="072">
		<subfield code="a">s1bo</subfield>
		<subfield code="2">rero</subfield>
	</datafield>
	<datafield ind1="1" ind2=" " tag="100">
		<subfield code="a">Salleron, Jules</subfield>
		<subfield code="4">cre</subfield>
		<subfield code="0">(IdRef)085939323</subfield>
	</datafield>
	<datafield ind1="1" ind2="0" tag="245">
		<subfield code="a">Etudes sur le vin mousseux :</subfield>
		<subfield code="b">nouveau mode de tirage rationnel et infaillible, l'élasticité du verre et la résistance des bouteilles, le liège et son application au bouchage du vin de Champagne /</subfield>
		<subfield code="c">par J. Salleron</subfield>
	</datafield>
	<datafield ind1=" " ind2="1" tag="264">
		<subfield code="a">Paris :</subfield>
		<subfield code="b">Chez l'auteur,</subfield>
		<subfield code="c">1886</subfield>
	</datafield>
	<datafield ind1=" " ind2=" " tag="300">
		<subfield code="a">In-8°, VI-178 p. :</subfield>
		<subfield code="b">fig. et pl</subfield>
	</datafield>
	<datafield ind1=" " ind2=" " tag="336">
		<subfield code="b">txt</subfield>
		<subfield code="2">rdacontent</subfield>
	</datafield>
	<datafield ind1=" " ind2=" " tag="337">
		<subfield code="b">n</subfield>
		<subfield code="2">rdamedia</subfield>
	</datafield>
	<datafield ind1=" " ind2=" " tag="338">
		<subfield code="b">nc</subfield>
		<subfield code="2">rdacarrier</subfield>
	</datafield>
	<datafield ind1=" " ind2=" " tag="339">
		<subfield code="a">docmaintype_book</subfield>
		<subfield code="b">docsubtype_other_book</subfield>
	</datafield>
	<datafield ind1=" " ind2="7" tag="650">
		<subfield code="a">Vin de Champagne</subfield>
		<subfield code="2">rero</subfield>
	</datafield>
	<datafield ind1=" " ind2="7" tag="650">
		<subfield code="a">Vin mousseux</subfield>
		<subfield code="2">rero</subfield>
	</datafield>
	<datafield ind1=" " ind2="7" tag="650">
		<subfield code="a">Vinification</subfield>
		<subfield code="2">rero</subfield>
	</datafield>
	<datafield ind1=" " ind2="7" tag="650">
		<subfield code="a">Bouteilles de vin</subfield>
		<subfield code="2">rero</subfield>
	</datafield>
	<datafield ind1=" " ind2="1" tag="900">
		<subfield code="a">BNF</subfield>
		<subfield code="b">20150428</subfield>
		<subfield code="c">Droits réservés</subfield>
	</datafield>
	<datafield ind1=" " ind2=" " tag="900">
		<subfield code="a">noselfmerge</subfield>
	</datafield>
	<datafield ind1=" " ind2=" " tag="906">
		<subfield code="a">Bibliothèque Henry Wuilloud</subfield>
	</datafield>
	<datafield ind1=" " ind2=" " tag="906">
		<subfield code="a">bvs</subfield>
	</datafield>
	<datafield ind1=" " ind2=" " tag="930">
		<subfield code="a">(BNF) FRBNF312883530000006</subfield>
	</datafield>
	<datafield ind1=" " ind2=" " tag="973">
		<subfield code="a">vsbcvs</subfield>
	</datafield>
</record>