

<record>
	<leader>01997ncm a2200529 a 4500</leader>
	<controlfield tag="001">REROILS:132</controlfield>
	<controlfield tag="003">RERO</controlfield>
	<controlfield tag="005">20200831160200.0</controlfield>
	<controlfield tag="008">920326s1986    sz |||||| ||||  |  |fre d</controlfield>
	<datafield ind1=" " ind2=" " tag="020">
		<subfield code="a">9782607000423</subfield>
	</datafield>
	<datafield ind1=" " ind2=" " tag="035">
		<subfield code="a">1508153</subfield>
	</datafield>
	<datafield ind1=" " ind2="9" tag="039">
		<subfield code="a">202008311602</subfield>
		<subfield code="b">VLOAD</subfield>
		<subfield code="c">202006290453</subfield>
		<subfield code="d">VLOAD</subfield>
		<subfield code="c">201901301412</subfield>
		<subfield code="d">AUTHORITY</subfield>
		<subfield code="c">201807011358</subfield>
		<subfield code="d">VLOAD</subfield>
		<subfield code="y">1999022821150000</subfield>
		<subfield code="z">load</subfield>
	</datafield>
	<datafield ind1=" " ind2=" " tag="040">
		<subfield code="a">RERO nebpun</subfield>
	</datafield>
	<datafield ind1=" " ind2=" " tag="044">
		<subfield code="a">sz</subfield>
		<subfield code="c">ch-ge</subfield>
		<subfield code="a">sz</subfield>
		<subfield code="c">ch-ne</subfield>
	</datafield>
	<datafield ind1=" " ind2="7" tag="072">
		<subfield code="a">s1mu</subfield>
		<subfield code="2">rero</subfield>
	</datafield>
	<datafield ind1="1" ind2=" " tag="100">
		<subfield code="a">Bertholet, Alfred,</subfield>
		<subfield code="c">Musicien</subfield>
		<subfield code="4">cre</subfield>
	</datafield>
	<datafield ind1="1" ind2="0" tag="245">
		<subfield code="a">Notes en herbe, 2ème /</subfield>
		<subfield code="c">[Alfred Bertholet, Jean-Louis Petignat] ; [COROME] ; [ill.: Roger Voser]</subfield>
	</datafield>
	<datafield ind1="3" ind2=" " tag="246">
		<subfield code="a">Notes en herbe.</subfield>
		<subfield code="p">2ème</subfield>
	</datafield>
	<datafield ind1=" " ind2=" " tag="250">
		<subfield code="a">[2e éd.]</subfield>
	</datafield>
	<datafield ind1=" " ind2="1" tag="264">
		<subfield code="a">[Genève] :</subfield>
		<subfield code="b">Office romand des éditions et du matériel scolaires ;</subfield>
		<subfield code="a">Neuchâtel :</subfield>
		<subfield code="b">Office du matériel scolaire,</subfield>
		<subfield code="c">1986</subfield>
	</datafield>
	<datafield ind1=" " ind2="3" tag="264">
		<subfield code="a">La Chaux-de-Fonds :</subfield>
		<subfield code="b">Typoffset</subfield>
	</datafield>
	<datafield ind1=" " ind2=" " tag="300">
		<subfield code="a">15 p. :</subfield>
		<subfield code="b">ill. ;</subfield>
		<subfield code="c">15 x 21 cm</subfield>
	</datafield>
	<datafield ind1=" " ind2=" " tag="336">
		<subfield code="b">ntm</subfield>
		<subfield code="2">rdacontent</subfield>
	</datafield>
	<datafield ind1=" " ind2=" " tag="337">
		<subfield code="b">n</subfield>
		<subfield code="2">rdamedia</subfield>
	</datafield>
	<datafield ind1=" " ind2=" " tag="338">
		<subfield code="b">nc</subfield>
		<subfield code="2">rdacarrier</subfield>
	</datafield>
	<datafield ind1=" " ind2=" " tag="339">
		<subfield code="a">docmaintype_score</subfield>
		<subfield code="b">docsubtype_printed_score</subfield>
	</datafield>
	<datafield ind1="1" ind2=" " tag="490">
		<subfield code="a">A vous la musique, 2e année / Alfred Bertholet, Jean-Louis Petignat</subfield>
	</datafield>
	<datafield ind1="1" ind2=" " tag="700">
		<subfield code="a">Voser, Roger</subfield>
	</datafield>
	<datafield ind1="1" ind2=" " tag="700">
		<subfield code="a">Petignat, Jean-Louis</subfield>
	</datafield>
	<datafield ind1="2" ind2=" " tag="710">
		<subfield code="a">Commission romande des moyens d'enseignement</subfield>
	</datafield>
	<datafield ind1="1" ind2=" " tag="800">
		<subfield code="a">Bertholet, Alfred,</subfield>
		<subfield code="c">Musicien. -</subfield>
		<subfield code="t">A vous la musique, 2ème année</subfield>
		<subfield code="w">REROILS:2000055</subfield>
	</datafield>
	<datafield ind1=" " ind2=" " tag="900">
		<subfield code="a">noselfmerge</subfield>
	</datafield>
	<datafield ind1=" " ind2=" " tag="904">
		<subfield code="a">nedit</subfield>
	</datafield>
	<datafield ind1=" " ind2=" " tag="904">
		<subfield code="a">neimp</subfield>
	</datafield>
	<datafield ind1=" " ind2=" " tag="904">
		<subfield code="a">jurassica</subfield>
	</datafield>
	<datafield ind1=" " ind2=" " tag="934">
		<subfield code="a">IRDP17019</subfield>
	</datafield>
	<datafield ind1=" " ind2=" " tag="962">
		<subfield code="a">nebpun neirdp</subfield>
	</datafield>
	<datafield ind1=" " ind2=" " tag="984">
		<subfield code="2">jumat</subfield>
		<subfield code="a">musique : enseignement ; suisse romande</subfield>
	</datafield>
	<datafield ind1=" " ind2=" " tag="984">
		<subfield code="2">cdu-jubicj</subfield>
		<subfield code="a">37</subfield>
	</datafield>
	<datafield ind1=" " ind2=" " tag="994">
		<subfield code="a">NP 5R 2378/2</subfield>
		<subfield code="x">ne/bpun/d/1986/1689</subfield>
	</datafield>
</record>