

<record>
	<leader>00841naa a22002537a 4500</leader>
	<controlfield tag="001">REROILS:71</controlfield>
	<controlfield tag="003">RERO</controlfield>
	<controlfield tag="005">20170518132200.0</controlfield>
	<controlfield tag="008">980412s1967    xx ||| |  ||||00|  0ger d</controlfield>
	<datafield ind1=" " ind2=" " tag="035">
		<subfield code="a">R003445220</subfield>
	</datafield>
	<datafield ind1=" " ind2="9" tag="039">
		<subfield code="a">201705181322</subfield>
		<subfield code="b">VLOAD</subfield>
		<subfield code="c">201605141126</subfield>
		<subfield code="d">VLOAD</subfield>
		<subfield code="c">201210191807</subfield>
		<subfield code="d">VLOAD</subfield>
		<subfield code="c">201112192206</subfield>
		<subfield code="d">VLOAD</subfield>
		<subfield code="y">200506232316</subfield>
		<subfield code="z">VLOAD</subfield>
	</datafield>
	<datafield ind1=" " ind2=" " tag="040">
		<subfield code="a">RERO gewcc-</subfield>
	</datafield>
	<datafield ind1=" " ind2="7" tag="072">
		<subfield code="a">s1th</subfield>
		<subfield code="2">rero</subfield>
	</datafield>
	<datafield ind1="1" ind2=" " tag="100">
		<subfield code="a">Hoffmann, Erich,</subfield>
		<subfield code="c">théologien</subfield>
		<subfield code="4">cre</subfield>
	</datafield>
	<datafield ind1="1" ind2="0" tag="245">
		<subfield code="a">Gedanken zur Weltkonferenz 'Kirche und Gesellschaft', Genf 1966 /</subfield>
		<subfield code="c">Erich Hoffmann</subfield>
	</datafield>
	<datafield ind1=" " ind2="1" tag="264">
		<subfield code="c">1967</subfield>
	</datafield>
	<datafield ind1=" " ind2=" " tag="336">
		<subfield code="b">txt</subfield>
		<subfield code="2">rdacontent</subfield>
	</datafield>
	<datafield ind1=" " ind2=" " tag="337">
		<subfield code="b">n</subfield>
		<subfield code="2">rdamedia</subfield>
	</datafield>
	<datafield ind1=" " ind2=" " tag="338">
		<subfield code="b">nc</subfield>
		<subfield code="2">rdacarrier</subfield>
	</datafield>
	<datafield ind1=" " ind2=" " tag="339">
		<subfield code="a">docmaintype_article</subfield>
	</datafield>
	<datafield ind1=" " ind2=" " tag="580">
		<subfield code="a">In: Ökumenische Rundschau ; v. 16 (1967) no. 1, p. 65-72</subfield>
	</datafield>
	<datafield ind1="1" ind2=" " tag="773">
		<subfield code="t">Ökumenische Rundschau</subfield>
		<subfield code="g">v. 16 (1967) no. 1, p. 65-72</subfield>
		<subfield code="w">REROILS:19</subfield>
	</datafield>
	<datafield ind1=" " ind2=" " tag="957">
		<subfield code="a">gewcc-</subfield>
	</datafield>
	<datafield ind1=" " ind2=" " tag="982">
		<subfield code="2">wccsh</subfield>
		<subfield code="a">Geneva, 1966</subfield>
	</datafield>
</record>