

<record>
	<leader>00964naa a22002537a 4500</leader>
	<controlfield tag="001">REROILS:106</controlfield>
	<controlfield tag="003">RERO</controlfield>
	<controlfield tag="005">20170518134400.0</controlfield>
	<controlfield tag="008">980412s1971    xx ||| |  ||||00|  0ger d</controlfield>
	<datafield ind1=" " ind2=" " tag="035">
		<subfield code="a">R003451227</subfield>
	</datafield>
	<datafield ind1=" " ind2="9" tag="039">
		<subfield code="a">201705181344</subfield>
		<subfield code="b">VLOAD</subfield>
		<subfield code="c">201210191815</subfield>
		<subfield code="d">VLOAD</subfield>
		<subfield code="c">201112192231</subfield>
		<subfield code="d">VLOAD</subfield>
		<subfield code="c">200812221436</subfield>
		<subfield code="d">VLOAD</subfield>
		<subfield code="y">200506232332</subfield>
		<subfield code="z">VLOAD</subfield>
	</datafield>
	<datafield ind1=" " ind2=" " tag="040">
		<subfield code="a">RERO gewcc-</subfield>
	</datafield>
	<datafield ind1=" " ind2="7" tag="072">
		<subfield code="a">s1th</subfield>
		<subfield code="2">rero</subfield>
	</datafield>
	<datafield ind1="1" ind2=" " tag="100">
		<subfield code="a">Samartha, Stanley Jedidiah</subfield>
		<subfield code="4">cre</subfield>
		<subfield code="0">(IdRef)072752580</subfield>
	</datafield>
	<datafield ind1="1" ind2="0" tag="245">
		<subfield code="a">Kein Kampf der Stachelschweine :</subfield>
		<subfield code="b">über den Dialog zwischen den Religionen /</subfield>
		<subfield code="c">Stanley J. Samartha</subfield>
	</datafield>
	<datafield ind1=" " ind2="1" tag="264">
		<subfield code="c">1971</subfield>
	</datafield>
	<datafield ind1=" " ind2=" " tag="336">
		<subfield code="b">txt</subfield>
		<subfield code="2">rdacontent</subfield>
	</datafield>
	<datafield ind1=" " ind2=" " tag="337">
		<subfield code="b">n</subfield>
		<subfield code="2">rdamedia</subfield>
	</datafield>
	<datafield ind1=" " ind2=" " tag="338">
		<subfield code="b">nc</subfield>
		<subfield code="2">rdacarrier</subfield>
	</datafield>
	<datafield ind1=" " ind2=" " tag="339">
		<subfield code="a">docmaintype_article</subfield>
	</datafield>
	<datafield ind1=" " ind2=" " tag="580">
		<subfield code="a">In: Evangelische Kommentare ; vol. 4, 1971, p. 139-141</subfield>
	</datafield>
	<datafield ind1="1" ind2=" " tag="773">
		<subfield code="t">Evangelische Kommentare : Monatsschrift zum Zeitgeschehen in Kirche und Gesellschaft</subfield>
		<subfield code="g">vol. 4, 1971, p. 139-141</subfield>
		<subfield code="w">REROILS:2000057</subfield>
	</datafield>
	<datafield ind1=" " ind2=" " tag="957">
		<subfield code="a">gewcc-</subfield>
	</datafield>
	<datafield ind1=" " ind2=" " tag="982">
		<subfield code="2">wccsh</subfield>
		<subfield code="a">Wcc</subfield>
		<subfield code="d">Sub-unit on Dialogue with People of Living Faiths</subfield>
	</datafield>
</record>