

<record>
	<leader>01936cam a2200505 aa4500</leader>
	<controlfield tag="001">REROILS:67</controlfield>
	<controlfield tag="003">RERO</controlfield>
	<controlfield tag="005">20200711173300.0</controlfield>
	<controlfield tag="008">940202m19699999fr |||||| ||||00|| |fre d</controlfield>
	<datafield ind1=" " ind2=" " tag="019">
		<subfield code="a">Niveau supérieur !</subfield>
		<subfield code="9">rero/10.2004</subfield>
	</datafield>
	<datafield ind1="7" ind2=" " tag="024">
		<subfield code="a">http://catalogue.bnf.fr/ark:/12148/cb35368333j</subfield>
		<subfield code="2">uri</subfield>
	</datafield>
	<datafield ind1=" " ind2=" " tag="035">
		<subfield code="a">1805550</subfield>
	</datafield>
	<datafield ind1=" " ind2="7" tag="039">
		<subfield code="b">0113</subfield>
	</datafield>
	<datafield ind1=" " ind2="9" tag="039">
		<subfield code="a">202007111733</subfield>
		<subfield code="b">VLOAD</subfield>
		<subfield code="c">202002261619</subfield>
		<subfield code="d">AUTHORITY</subfield>
		<subfield code="c">202002261544</subfield>
		<subfield code="d">AUTHORITY</subfield>
		<subfield code="c">201812080943</subfield>
		<subfield code="d">VLOAD</subfield>
		<subfield code="y">1999030104160000</subfield>
		<subfield code="z">load</subfield>
	</datafield>
	<datafield ind1=" " ind2=" " tag="040">
		<subfield code="a">RERO larero</subfield>
	</datafield>
	<datafield ind1="1" ind2=" " tag="041">
		<subfield code="a">fre</subfield>
		<subfield code="a">lat</subfield>
		<subfield code="h">lat</subfield>
	</datafield>
	<datafield ind1=" " ind2="7" tag="072">
		<subfield code="a">s1th</subfield>
		<subfield code="2">rero</subfield>
	</datafield>
	<datafield ind1=" " ind2="7" tag="072">
		<subfield code="a">s2ph</subfield>
		<subfield code="2">rero</subfield>
	</datafield>
	<datafield ind1="0" ind2=" " tag="100">
		<subfield code="a">Augustinus,</subfield>
		<subfield code="c">saint,</subfield>
		<subfield code="d">354-430</subfield>
		<subfield code="4">cre</subfield>
	</datafield>
	<datafield ind1="1" ind2="0" tag="245">
		<subfield code="a">Homélies sur l'évangile de saint Jean /</subfield>
		<subfield code="c">trad., introd. et notes par M.-F. Berrouard</subfield>
	</datafield>
	<datafield ind1=" " ind2="1" tag="264">
		<subfield code="a">[Paris] :</subfield>
		<subfield code="b">Desclée de Brouwer [puis]</subfield>
		<subfield code="b">Etudes augustiniennes,</subfield>
		<subfield code="c">1969-</subfield>
	</datafield>
	<datafield ind1=" " ind2=" " tag="300">
		<subfield code="c">18 cm</subfield>
	</datafield>
	<datafield ind1=" " ind2=" " tag="336">
		<subfield code="b">txt</subfield>
		<subfield code="2">rdacontent</subfield>
	</datafield>
	<datafield ind1=" " ind2=" " tag="337">
		<subfield code="b">n</subfield>
		<subfield code="2">rdamedia</subfield>
	</datafield>
	<datafield ind1=" " ind2=" " tag="338">
		<subfield code="b">nc</subfield>
		<subfield code="2">rdacarrier</subfield>
	</datafield>
	<datafield ind1=" " ind2=" " tag="339">
		<subfield code="a">docmaintype_book</subfield>
		<subfield code="b">docsubtype_other_book</subfield>
	</datafield>
	<datafield ind1="0" ind2=" " tag="490">
		<subfield code="a">Oeuvres / de saint Augustin</subfield>
	</datafield>
	<datafield ind1=" " ind2=" " tag="500">
		<subfield code="a">Traduit de: Tractatus in Evangelium Joannis</subfield>
	</datafield>
	<datafield ind1=" " ind2=" " tag="500">
		<subfield code="a">Texte latin et trad. française en regard</subfield>
	</datafield>
	<datafield ind1="0" ind2="7" tag="600">
		<subfield code="a">Augustin</subfield>
		<subfield code="c">(saint).</subfield>
		<subfield code="t">Homélies sur l'Evangile de saint Jean</subfield>
		<subfield code="2">rero</subfield>
		<subfield code="0">(IdRef)080876935</subfield>
	</datafield>
	<datafield ind1="0" ind2="7" tag="630">
		<subfield code="a">Bible.</subfield>
		<subfield code="p">NT.</subfield>
		<subfield code="p">Jean (évangile)</subfield>
		<subfield code="2">rero</subfield>
	</datafield>
	<datafield ind1=" " ind2="7" tag="650">
		<subfield code="a">5e siècle (début)</subfield>
		<subfield code="2">rero</subfield>
	</datafield>
	<datafield ind1=" " ind2="7" tag="650">
		<subfield code="a">Prédication latine</subfield>
		<subfield code="2">rero</subfield>
	</datafield>
	<datafield ind1=" " ind2="7" tag="655">
		<subfield code="a">[document]</subfield>
		<subfield code="2">rerovoc</subfield>
	</datafield>
	<datafield ind1=" " ind2="7" tag="655">
		<subfield code="a">[Commentaires]</subfield>
		<subfield code="2">rero</subfield>
	</datafield>
	<datafield ind1="1" ind2=" " tag="700">
		<subfield code="a">Berrouard, Marie-François</subfield>
		<subfield code="0">(IdRef)026723417</subfield>
	</datafield>
	<datafield ind1=" " ind2=" " tag="900">
		<subfield code="a">noselfmerge</subfield>
	</datafield>
	<datafield ind1=" " ind2=" " tag="902">
		<subfield code="a">getheolcollection</subfield>
	</datafield>
	<datafield ind1=" " ind2=" " tag="919">
		<subfield code="9">600 07</subfield>
		<subfield code="a">Augustin</subfield>
		<subfield code="c">(saint).</subfield>
		<subfield code="t">&quot;Homélies sur l'Evangile de saint Jean&quot;</subfield>
		<subfield code="v">[commentaire]</subfield>
		<subfield code="2">chrero</subfield>
	</datafield>
	<datafield ind1=" " ind2=" " tag="919">
		<subfield code="9">630 07</subfield>
		<subfield code="a">&quot;Bible.</subfield>
		<subfield code="p">NT.</subfield>
		<subfield code="p">Jean (évangile)&quot;</subfield>
		<subfield code="v">[commentaire]</subfield>
		<subfield code="2">chrero</subfield>
	</datafield>
	<datafield ind1=" " ind2=" " tag="919">
		<subfield code="9">650 _7</subfield>
		<subfield code="a">prédication latine</subfield>
		<subfield code="x">&quot;Bible. NT. Jean (évangile)&quot;</subfield>
		<subfield code="y">5e s. (début)</subfield>
		<subfield code="v">[document]</subfield>
		<subfield code="2">chrero</subfield>
	</datafield>
	<datafield ind1=" " ind2=" " tag="956">
		<subfield code="a">frbcuc</subfield>
	</datafield>
	<datafield ind1=" " ind2=" " tag="957">
		<subfield code="a">gefoha geulph geulsa geuth-</subfield>
	</datafield>
	<datafield ind1=" " ind2=" " tag="982">
		<subfield code="2">ge-ulph</subfield>
		<subfield code="a">C 2 AUG Oeu</subfield>
	</datafield>
	<datafield ind1=" " ind2=" " tag="992">
		<subfield code="a">BFLA 102781/71-?</subfield>
		<subfield code="x">ge/ulph/a</subfield>
	</datafield>
</record>