

<record>
	<leader>01186nam a2200361 a 4500</leader>
	<controlfield tag="001">REROILS:59</controlfield>
	<controlfield tag="003">RERO</controlfield>
	<controlfield tag="005">20170519133500.0</controlfield>
	<controlfield tag="008">080812s1992    fr ||| |  ||||00|  |ara d</controlfield>
	<datafield ind1=" " ind2=" " tag="020">
		<subfield code="a">9782738415073</subfield>
	</datafield>
	<datafield ind1="7" ind2=" " tag="024">
		<subfield code="a">http://catalogue.bnf.fr/ark:/12148/cb35543843z</subfield>
		<subfield code="2">uri</subfield>
	</datafield>
	<datafield ind1=" " ind2=" " tag="035">
		<subfield code="a">R004752225</subfield>
	</datafield>
	<datafield ind1=" " ind2="9" tag="039">
		<subfield code="a">201705191335</subfield>
		<subfield code="b">VLOAD</subfield>
		<subfield code="c">201510091653</subfield>
		<subfield code="d">1128</subfield>
		<subfield code="c">201207281049</subfield>
		<subfield code="d">VLOAD</subfield>
		<subfield code="c">200902081210</subfield>
		<subfield code="d">VLOAD</subfield>
		<subfield code="y">200808121736</subfield>
		<subfield code="z">1101</subfield>
	</datafield>
	<datafield ind1=" " ind2=" " tag="040">
		<subfield code="a">RERO vsbcvm</subfield>
	</datafield>
	<datafield ind1="0" ind2=" " tag="041">
		<subfield code="a">ara</subfield>
		<subfield code="a">fre</subfield>
	</datafield>
	<datafield ind1=" " ind2="7" tag="072">
		<subfield code="a">s1zz</subfield>
		<subfield code="2">rero</subfield>
	</datafield>
	<datafield ind1="1" ind2=" " tag="100">
		<subfield code="a">Joire, Françoise</subfield>
		<subfield code="4">cre</subfield>
	</datafield>
	<datafield ind1="1" ind2="3" tag="245">
		<subfield code="a">Le prince des génies /</subfield>
		<subfield code="c">Françoise Joire, Jihad Darwiche</subfield>
	</datafield>
	<datafield ind1=" " ind2="1" tag="264">
		<subfield code="a">Paris :</subfield>
		<subfield code="b">L'Harmattan,</subfield>
		<subfield code="c">1992</subfield>
	</datafield>
	<datafield ind1=" " ind2=" " tag="300">
		<subfield code="a">[64] p. :</subfield>
		<subfield code="b">ill. ;</subfield>
		<subfield code="c">19 x 21 cm</subfield>
	</datafield>
	<datafield ind1=" " ind2=" " tag="336">
		<subfield code="b">txt</subfield>
		<subfield code="2">rdacontent</subfield>
	</datafield>
	<datafield ind1=" " ind2=" " tag="337">
		<subfield code="b">n</subfield>
		<subfield code="2">rdamedia</subfield>
	</datafield>
	<datafield ind1=" " ind2=" " tag="338">
		<subfield code="b">nc</subfield>
		<subfield code="2">rdacarrier</subfield>
	</datafield>
	<datafield ind1=" " ind2=" " tag="339">
		<subfield code="a">docmaintype_book</subfield>
		<subfield code="b">docsubtype_other_book</subfield>
	</datafield>
	<datafield ind1="0" ind2=" " tag="490">
		<subfield code="a">Contes du roseau</subfield>
	</datafield>
	<datafield ind1=" " ind2=" " tag="500">
		<subfield code="a">Texte bilingue français-arabe</subfield>
	</datafield>
	<datafield ind1=" " ind2=" " tag="521">
		<subfield code="a">Enfants (9-12 ans)</subfield>
		<subfield code="9">vsbcvm/08.2008</subfield>
	</datafield>
	<datafield ind1="1" ind2=" " tag="700">
		<subfield code="a">Darwiche, Jihad</subfield>
		<subfield code="0">(IdRef)031800084</subfield>
	</datafield>
	<datafield ind1=" " ind2=" " tag="900">
		<subfield code="a">noselfmerge</subfield>
	</datafield>
	<datafield ind1=" " ind2=" " tag="906">
		<subfield code="a">dpmvsm</subfield>
	</datafield>
	<datafield ind1=" " ind2=" " tag="973">
		<subfield code="a">vsbcvm</subfield>
	</datafield>
	<datafield ind1=" " ind2=" " tag="986">
		<subfield code="2">cdu-vsbcvm</subfield>
		<subfield code="a">892</subfield>
	</datafield>
</record>