

<record>
	<leader>01638cam a2200493 a 4500</leader>
	<controlfield tag="001">REROILS:160</controlfield>
	<controlfield tag="003">RERO</controlfield>
	<controlfield tag="005">20190401173300.0</controlfield>
	<controlfield tag="008">120914m19711975xxu||| |  ||||00|  |eng d</controlfield>
	<datafield ind1=" " ind2=" " tag="020">
		<subfield code="a">0262130629 (vol. 1)</subfield>
	</datafield>
	<datafield ind1=" " ind2=" " tag="020">
		<subfield code="a">026213098X (vol. 2)</subfield>
	</datafield>
	<datafield ind1=" " ind2=" " tag="035">
		<subfield code="a">R007141733</subfield>
	</datafield>
	<datafield ind1=" " ind2="7" tag="039">
		<subfield code="b">7142</subfield>
	</datafield>
	<datafield ind1=" " ind2="9" tag="039">
		<subfield code="a">201904011733</subfield>
		<subfield code="b">AUTHORITY</subfield>
		<subfield code="c">201802081626</subfield>
		<subfield code="d">7147</subfield>
		<subfield code="c">201705311714</subfield>
		<subfield code="d">VLOAD</subfield>
		<subfield code="c">201502081327</subfield>
		<subfield code="d">VLOAD</subfield>
		<subfield code="y">201209141338</subfield>
		<subfield code="z">7142</subfield>
	</datafield>
	<datafield ind1=" " ind2=" " tag="040">
		<subfield code="a">DLC</subfield>
		<subfield code="d">DLC</subfield>
		<subfield code="d">RERO geussc</subfield>
	</datafield>
	<datafield ind1="1" ind2=" " tag="041">
		<subfield code="a">eng</subfield>
		<subfield code="h">rus</subfield>
	</datafield>
	<datafield ind1=" " ind2="0" tag="050">
		<subfield code="a">QA911</subfield>
		<subfield code="b">.M6313</subfield>
	</datafield>
	<datafield ind1=" " ind2="7" tag="072">
		<subfield code="a">s1py</subfield>
		<subfield code="2">rero</subfield>
	</datafield>
	<datafield ind1="0" ind2="0" tag="082">
		<subfield code="a">532/.0527</subfield>
	</datafield>
	<datafield ind1="1" ind2=" " tag="100">
		<subfield code="a">Monin, Andreĭ Sergeevich,</subfield>
		<subfield code="d">1921-</subfield>
		<subfield code="4">cre</subfield>
		<subfield code="0">(IdRef)07146073X</subfield>
	</datafield>
	<datafield ind1="1" ind2="0" tag="245">
		<subfield code="a">Statistical fluid mechanics :</subfield>
		<subfield code="b">mechanics of turbulence /</subfield>
		<subfield code="c">A.S. Monin and A.M. Yaglom</subfield>
	</datafield>
	<datafield ind1=" " ind2=" " tag="250">
		<subfield code="a">English ed. updated, augmented and rev. by the authors /</subfield>
		<subfield code="b">ed. by John L. Lumley</subfield>
	</datafield>
	<datafield ind1=" " ind2="1" tag="264">
		<subfield code="a">Cambridge, Mass. :</subfield>
		<subfield code="b">MIT Press,</subfield>
		<subfield code="c">1971-1975</subfield>
	</datafield>
	<datafield ind1=" " ind2=" " tag="300">
		<subfield code="a">2 vol. (769, 874 p.) :</subfield>
		<subfield code="b">ill. ;</subfield>
		<subfield code="c">24 cm</subfield>
	</datafield>
	<datafield ind1=" " ind2=" " tag="336">
		<subfield code="b">txt</subfield>
		<subfield code="2">rdacontent</subfield>
	</datafield>
	<datafield ind1=" " ind2=" " tag="337">
		<subfield code="b">n</subfield>
		<subfield code="2">rdamedia</subfield>
	</datafield>
	<datafield ind1=" " ind2=" " tag="338">
		<subfield code="b">nc</subfield>
		<subfield code="2">rdacarrier</subfield>
	</datafield>
	<datafield ind1=" " ind2=" " tag="339">
		<subfield code="a">docmaintype_book</subfield>
		<subfield code="b">docsubtype_other_book</subfield>
	</datafield>
	<datafield ind1=" " ind2=" " tag="500">
		<subfield code="a">Trad. de: Statisticheskai︠a︡ gidromekhanika</subfield>
	</datafield>
	<datafield ind1=" " ind2=" " tag="504">
		<subfield code="a">Includes bibliographies.</subfield>
	</datafield>
	<datafield ind1=" " ind2="0" tag="650">
		<subfield code="a">Fluid mechanics</subfield>
	</datafield>
	<datafield ind1=" " ind2="0" tag="650">
		<subfield code="a">Hydrodynamics</subfield>
	</datafield>
	<datafield ind1=" " ind2="0" tag="650">
		<subfield code="a">Turbulence</subfield>
	</datafield>
	<datafield ind1=" " ind2="7" tag="650">
		<subfield code="a">Fluides, Mécanique des</subfield>
		<subfield code="2">rero</subfield>
	</datafield>
	<datafield ind1=" " ind2="7" tag="650">
		<subfield code="a">Hydrodynamique</subfield>
		<subfield code="2">rero</subfield>
	</datafield>
	<datafield ind1=" " ind2="7" tag="650">
		<subfield code="a">Turbulence</subfield>
		<subfield code="2">rero</subfield>
	</datafield>
	<datafield ind1=" " ind2="7" tag="650">
		<subfield code="a">Physique statistique</subfield>
		<subfield code="2">rero</subfield>
	</datafield>
	<datafield ind1="1" ind2=" " tag="700">
		<subfield code="a">I︠A︡glom, Akiva Moiseevich,</subfield>
		<subfield code="d">1921-2007</subfield>
	</datafield>
	<datafield ind1="1" ind2=" " tag="700">
		<subfield code="a">Lumley, John Leask</subfield>
		<subfield code="0">(IdRef)031604005</subfield>
	</datafield>
	<datafield ind1=" " ind2="1" tag="900">
		<subfield code="a">LOC</subfield>
		<subfield code="b">20120914</subfield>
		<subfield code="c">Droits réservés</subfield>
	</datafield>
	<datafield ind1=" " ind2=" " tag="900">
		<subfield code="a">noselfmerge</subfield>
	</datafield>
	<datafield ind1=" " ind2=" " tag="957">
		<subfield code="a">geudbu</subfield>
	</datafield>
	<datafield ind1=" " ind2=" " tag="982">
		<subfield code="2">cdu-sys-geussc</subfield>
		<subfield code="a">532</subfield>
	</datafield>
	<datafield ind1=" " ind2=" " tag="982">
		<subfield code="2">cdu-sys-geussc</subfield>
		<subfield code="a">536.9</subfield>
	</datafield>
</record>