

<record>
	<leader>02190nam a22004937a 4500</leader>
	<controlfield tag="001">REROILS:15</controlfield>
	<controlfield tag="003">RERO</controlfield>
	<controlfield tag="005">20200712175600.0</controlfield>
	<controlfield tag="008">110628s2011    gw ||| |  ||||00|  |ger d</controlfield>
	<datafield ind1=" " ind2=" " tag="020">
		<subfield code="a">9783909111848</subfield>
	</datafield>
	<datafield ind1=" " ind2=" " tag="035">
		<subfield code="a">R006087825</subfield>
	</datafield>
	<datafield ind1=" " ind2="7" tag="039">
		<subfield code="b">1030</subfield>
	</datafield>
	<datafield ind1=" " ind2="9" tag="039">
		<subfield code="a">202007121756</subfield>
		<subfield code="b">VLOAD</subfield>
		<subfield code="c">201912031006</subfield>
		<subfield code="d">VLOAD</subfield>
		<subfield code="c">201807091935</subfield>
		<subfield code="d">VLOAD</subfield>
		<subfield code="c">201804251413</subfield>
		<subfield code="d">1401</subfield>
		<subfield code="y">201106281016</subfield>
		<subfield code="z">1030</subfield>
	</datafield>
	<datafield ind1=" " ind2=" " tag="040">
		<subfield code="a">RERO vsbcvs</subfield>
	</datafield>
	<datafield ind1=" " ind2=" " tag="044">
		<subfield code="a">sz</subfield>
		<subfield code="c">ch-zh</subfield>
	</datafield>
	<datafield ind1=" " ind2="7" tag="072">
		<subfield code="a">s1go</subfield>
		<subfield code="2">rero</subfield>
	</datafield>
	<datafield ind1="0" ind2="0" tag="245">
		<subfield code="a">Weisshorn :</subfield>
		<subfield code="b">der Diamant des Wallis /</subfield>
		<subfield code="c">hrsg. von Daniel Anker und Marco Volken ; Texte: Daniel Anker, Françoise Funk-Salami, Matthias Huss, Fabian Lippuner, Karin Steinbach Tarnutzer, John Tyndall, Marco Volken, Emil Zopfi ; Fotos: Marco Volken ... [et al.]</subfield>
	</datafield>
	<datafield ind1=" " ind2="1" tag="264">
		<subfield code="a">Zürich :</subfield>
		<subfield code="b">AS Verlag &amp; Buchkonzept,</subfield>
		<subfield code="c">2011</subfield>
	</datafield>
	<datafield ind1=" " ind2=" " tag="300">
		<subfield code="a">173 S. :</subfield>
		<subfield code="b">Ill. ;</subfield>
		<subfield code="c">25 cm</subfield>
	</datafield>
	<datafield ind1=" " ind2=" " tag="336">
		<subfield code="b">txt</subfield>
		<subfield code="2">rdacontent</subfield>
	</datafield>
	<datafield ind1=" " ind2=" " tag="337">
		<subfield code="b">n</subfield>
		<subfield code="2">rdamedia</subfield>
	</datafield>
	<datafield ind1=" " ind2=" " tag="338">
		<subfield code="b">nc</subfield>
		<subfield code="2">rdacarrier</subfield>
	</datafield>
	<datafield ind1=" " ind2=" " tag="339">
		<subfield code="a">docmaintype_book</subfield>
		<subfield code="b">docsubtype_other_book</subfield>
	</datafield>
	<datafield ind1="1" ind2=" " tag="490">
		<subfield code="a">Bergmonografie</subfield>
		<subfield code="v">16</subfield>
	</datafield>
	<datafield ind1="4" ind2=" " tag="510">
		<subfield code="a">Walliser Bote, 2011,143, S. 4 (tr) ; Walliser Bote, 2011,146,S. 11(wb) ; Nouvelliste, 2011,156,p.17 (Charly-G. Arbellay) ; Die Seilschaft, 2011,2,S.13-14 ; Zermatt Inside, 2011,4,S.20 (ZT) ; Der Bund, 29. August 2011,S. 33 (Daniel Foppa) ; Tages Anzeiger, 25. August 2011,p.27 (Daniel Foppa) ; Neue Zürcher Zeitung, 19. August 2011, S. 56 (Karin Steinbach Tarnutzer)</subfield>
	</datafield>
	<datafield ind1="8" ind2=" " tag="520">
		<subfield code="a">Contient e.a.: affiches de la Médiathèque Valais</subfield>
		<subfield code="9">vsbcvs/07.2011</subfield>
	</datafield>
	<datafield ind1=" " ind2="7" tag="650">
		<subfield code="a">Alpinisme</subfield>
		<subfield code="2">rero</subfield>
	</datafield>
	<datafield ind1=" " ind2="7" tag="651">
		<subfield code="a">Weisshorn (Suisse, mont, VS)</subfield>
		<subfield code="2">rero</subfield>
	</datafield>
	<datafield ind1=" " ind2="7" tag="655">
		<subfield code="a">[Études diverses]</subfield>
		<subfield code="2">rero</subfield>
	</datafield>
	<datafield ind1="1" ind2=" " tag="700">
		<subfield code="a">Anker, Daniel</subfield>
		<subfield code="0">(IdRef)029957281</subfield>
	</datafield>
	<datafield ind1="1" ind2=" " tag="700">
		<subfield code="a">Volken, Marco,</subfield>
		<subfield code="d">1965-</subfield>
		<subfield code="0">(IdRef)24393744X</subfield>
	</datafield>
	<datafield ind1=" " ind2="0" tag="830">
		<subfield code="a">Bergmonographie</subfield>
		<subfield code="v">16</subfield>
		<subfield code="w">REROILS:2000059</subfield>
	</datafield>
	<datafield ind1=" " ind2=" " tag="900">
		<subfield code="a">noselfmerge</subfield>
	</datafield>
	<datafield ind1=" " ind2=" " tag="906">
		<subfield code="a">bcvs</subfield>
		<subfield code="b">2011/06</subfield>
		<subfield code="c">21</subfield>
	</datafield>
	<datafield ind1=" " ind2=" " tag="906">
		<subfield code="a">valais</subfield>
		<subfield code="b">2011/06</subfield>
	</datafield>
	<datafield ind1=" " ind2=" " tag="906">
		<subfield code="a">bvs</subfield>
	</datafield>
	<datafield ind1=" " ind2=" " tag="919">
		<subfield code="9">650 _7</subfield>
		<subfield code="a">alpinisme</subfield>
		<subfield code="z">Weisshorn (Suisse, mont, VS)</subfield>
		<subfield code="v">[études diverses]</subfield>
		<subfield code="2">chrero</subfield>
	</datafield>
	<datafield ind1=" " ind2=" " tag="919">
		<subfield code="9">651 _7</subfield>
		<subfield code="a">Weisshorn (Suisse, mont, VS)</subfield>
		<subfield code="v">[études diverses]</subfield>
		<subfield code="2">chrero</subfield>
	</datafield>
	<datafield ind1=" " ind2=" " tag="956">
		<subfield code="a">frbcuc</subfield>
	</datafield>
	<datafield ind1=" " ind2=" " tag="973">
		<subfield code="a">vsbcvs vsbcvb</subfield>
	</datafield>
	<datafield ind1=" " ind2=" " tag="986">
		<subfield code="2">vs-bvs-sys</subfield>
		<subfield code="a">05.05.01</subfield>
	</datafield>
	<datafield ind1=" " ind2=" " tag="986">
		<subfield code="2">cdu-vsbcvb</subfield>
		<subfield code="a">796.52(494) VS</subfield>
	</datafield>
	<datafield ind1=" " ind2=" " tag="986">
		<subfield code="2">brsw</subfield>
		<subfield code="a">Weisshorn &lt;Wallis&gt; ; Bergsteigen ; Geschichte ; Bildband</subfield>
	</datafield>
	<datafield ind1=" " ind2=" " tag="986">
		<subfield code="2">tome</subfield>
		<subfield code="a">Freizeit &amp; Kreativität</subfield>
	</datafield>
</record>