

<record>
	<leader>00807nas a22002537a 4500</leader>
	<controlfield tag="001">REROILS:158</controlfield>
	<controlfield tag="003">RERO</controlfield>
	<controlfield tag="005">20190705125000.0</controlfield>
	<controlfield tag="008">020129u19479999sa |||m|| ||||0 || 0eng d</controlfield>
	<datafield ind1=" " ind2=" " tag="035">
		<subfield code="a">R003143528</subfield>
	</datafield>
	<datafield ind1=" " ind2="9" tag="039">
		<subfield code="a">201907051250</subfield>
		<subfield code="b">VLOAD</subfield>
		<subfield code="c">201705181335</subfield>
		<subfield code="d">VLOAD</subfield>
		<subfield code="c">200605292012</subfield>
		<subfield code="d">VLOAD</subfield>
		<subfield code="y">200201290859</subfield>
		<subfield code="z">6507</subfield>
	</datafield>
	<datafield ind1=" " ind2=" " tag="040">
		<subfield code="a">RERO gevmhn</subfield>
	</datafield>
	<datafield ind1=" " ind2="7" tag="072">
		<subfield code="a">s1zo</subfield>
		<subfield code="2">rero</subfield>
	</datafield>
	<datafield ind1="0" ind2="0" tag="245">
		<subfield code="a">Memoirs of the Entomological Society of Southern Africa</subfield>
	</datafield>
	<datafield ind1=" " ind2="1" tag="264">
		<subfield code="a">Pretoria :</subfield>
		<subfield code="b">Entomological Society of Southern Africa,</subfield>
		<subfield code="c">1947-</subfield>
	</datafield>
	<datafield ind1=" " ind2=" " tag="300">
		<subfield code="c">25 cm</subfield>
	</datafield>
	<datafield ind1=" " ind2=" " tag="336">
		<subfield code="b">txt</subfield>
		<subfield code="2">rdacontent</subfield>
	</datafield>
	<datafield ind1=" " ind2=" " tag="337">
		<subfield code="b">n</subfield>
		<subfield code="2">rdamedia</subfield>
	</datafield>
	<datafield ind1=" " ind2=" " tag="338">
		<subfield code="b">nc</subfield>
		<subfield code="2">rdacarrier</subfield>
	</datafield>
	<datafield ind1=" " ind2=" " tag="339">
		<subfield code="a">docmaintype_series</subfield>
	</datafield>
	<datafield ind1="2" ind2=" " tag="710">
		<subfield code="a">Entomological Society of Southern Africa</subfield>
		<subfield code="0">(IdRef)063805162</subfield>
	</datafield>
	<datafield ind1=" " ind2=" " tag="900">
		<subfield code="a">noselfmerge</subfield>
	</datafield>
	<datafield ind1=" " ind2=" " tag="900">
		<subfield code="a">reroslsp</subfield>
	</datafield>
</record>