

<record>
	<leader>00860naa a22002537a 4500</leader>
	<controlfield tag="001">REROILS:119</controlfield>
	<controlfield tag="003">RERO</controlfield>
	<controlfield tag="005">20170518134100.0</controlfield>
	<controlfield tag="008">980412s1973    xx ||| |  ||||00|  0eng d</controlfield>
	<datafield ind1=" " ind2=" " tag="035">
		<subfield code="a">R003450221</subfield>
	</datafield>
	<datafield ind1=" " ind2="9" tag="039">
		<subfield code="a">201705181341</subfield>
		<subfield code="b">VLOAD</subfield>
		<subfield code="c">201605141138</subfield>
		<subfield code="d">VLOAD</subfield>
		<subfield code="c">201210191814</subfield>
		<subfield code="d">VLOAD</subfield>
		<subfield code="c">201112192226</subfield>
		<subfield code="d">VLOAD</subfield>
		<subfield code="y">200506232330</subfield>
		<subfield code="z">VLOAD</subfield>
	</datafield>
	<datafield ind1=" " ind2=" " tag="040">
		<subfield code="a">RERO gewcc-</subfield>
	</datafield>
	<datafield ind1=" " ind2="7" tag="072">
		<subfield code="a">s1th</subfield>
		<subfield code="2">rero</subfield>
	</datafield>
	<datafield ind1="1" ind2=" " tag="100">
		<subfield code="a">Olson, George L</subfield>
		<subfield code="4">cre</subfield>
	</datafield>
	<datafield ind1="1" ind2="0" tag="245">
		<subfield code="a">How to develop new ecumenical mass communication /</subfield>
		<subfield code="c">George L. Olson</subfield>
	</datafield>
	<datafield ind1=" " ind2="1" tag="264">
		<subfield code="c">1973</subfield>
	</datafield>
	<datafield ind1=" " ind2=" " tag="336">
		<subfield code="b">txt</subfield>
		<subfield code="2">rdacontent</subfield>
	</datafield>
	<datafield ind1=" " ind2=" " tag="337">
		<subfield code="b">n</subfield>
		<subfield code="2">rdamedia</subfield>
	</datafield>
	<datafield ind1=" " ind2=" " tag="338">
		<subfield code="b">nc</subfield>
		<subfield code="2">rdacarrier</subfield>
	</datafield>
	<datafield ind1=" " ind2=" " tag="339">
		<subfield code="a">docmaintype_article</subfield>
	</datafield>
	<datafield ind1=" " ind2=" " tag="580">
		<subfield code="a">In: Japan Missionary Bulletin ; vol. 27, no. 4, 1973, p. 221-227</subfield>
	</datafield>
	<datafield ind1="1" ind2=" " tag="773">
		<subfield code="t">Japan Missionary Bulletin</subfield>
		<subfield code="g">vol. 27, no. 4, 1973, p. 221-227</subfield>
		<subfield code="w">REROILS:2000060</subfield>
	</datafield>
	<datafield ind1=" " ind2=" " tag="957">
		<subfield code="a">gewcc-</subfield>
	</datafield>
	<datafield ind1=" " ind2=" " tag="982">
		<subfield code="2">wccsh</subfield>
		<subfield code="a">Wcc</subfield>
		<subfield code="d">Department of Communication</subfield>
	</datafield>
</record>