

<record>
	<leader>00849naa a22002537a 4500</leader>
	<controlfield tag="001">REROILS:143</controlfield>
	<controlfield tag="003">RERO</controlfield>
	<controlfield tag="005">20170518130800.0</controlfield>
	<controlfield tag="008">980412s1970    xx ||| |  ||||00|  0eng d</controlfield>
	<datafield ind1=" " ind2=" " tag="035">
		<subfield code="a">R003441520</subfield>
	</datafield>
	<datafield ind1=" " ind2="9" tag="039">
		<subfield code="a">201705181308</subfield>
		<subfield code="b">VLOAD</subfield>
		<subfield code="c">201605141117</subfield>
		<subfield code="d">VLOAD</subfield>
		<subfield code="c">201210191801</subfield>
		<subfield code="d">VLOAD</subfield>
		<subfield code="c">201112192151</subfield>
		<subfield code="d">VLOAD</subfield>
		<subfield code="y">200506232304</subfield>
		<subfield code="z">VLOAD</subfield>
	</datafield>
	<datafield ind1=" " ind2=" " tag="040">
		<subfield code="a">RERO gewcc-</subfield>
	</datafield>
	<datafield ind1=" " ind2="7" tag="072">
		<subfield code="a">s1th</subfield>
		<subfield code="2">rero</subfield>
	</datafield>
	<datafield ind1="1" ind2=" " tag="100">
		<subfield code="a">Deschner, John</subfield>
		<subfield code="4">cre</subfield>
		<subfield code="0">(IdRef)194447421</subfield>
	</datafield>
	<datafield ind1="1" ind2="0" tag="245">
		<subfield code="a">Ecclesiological aspects of the race problem /</subfield>
		<subfield code="c">J. Deschner</subfield>
	</datafield>
	<datafield ind1=" " ind2="1" tag="264">
		<subfield code="c">1970</subfield>
	</datafield>
	<datafield ind1=" " ind2=" " tag="336">
		<subfield code="b">txt</subfield>
		<subfield code="2">rdacontent</subfield>
	</datafield>
	<datafield ind1=" " ind2=" " tag="337">
		<subfield code="b">n</subfield>
		<subfield code="2">rdamedia</subfield>
	</datafield>
	<datafield ind1=" " ind2=" " tag="338">
		<subfield code="b">nc</subfield>
		<subfield code="2">rdacarrier</subfield>
	</datafield>
	<datafield ind1=" " ind2=" " tag="339">
		<subfield code="a">docmaintype_article</subfield>
	</datafield>
	<datafield ind1=" " ind2=" " tag="580">
		<subfield code="a">In: International Review of Mission ; v. 59 (July 1970) p. 285-295</subfield>
	</datafield>
	<datafield ind1="1" ind2=" " tag="773">
		<subfield code="t">International review of mission</subfield>
		<subfield code="g">v. 59 (July 1970) p. 285-295</subfield>
	</datafield>
	<datafield ind1=" " ind2=" " tag="957">
		<subfield code="a">gewcc-</subfield>
	</datafield>
	<datafield ind1=" " ind2=" " tag="982">
		<subfield code="2">wccsh</subfield>
		<subfield code="a">Racism</subfield>
		<subfield code="d">Ecumenical movement</subfield>
	</datafield>
</record>