

<record>
	<leader>03064cam a22006132a 4500</leader>
	<controlfield tag="001">REROILS:279</controlfield>
	<controlfield tag="003">RERO</controlfield>
	<controlfield tag="005">20200525123100.0</controlfield>
	<controlfield tag="008">180530s2016    is ||| |  ||||00|  |heb d</controlfield>
	<datafield ind1=" " ind2=" " tag="020">
		<subfield code="a">9789652784636</subfield>
	</datafield>
	<datafield ind1=" " ind2=" " tag="020">
		<subfield code="a">9789652784636</subfield>
	</datafield>
	<datafield ind1="7" ind2=" " tag="024">
		<subfield code="a">7290105422026</subfield>
		<subfield code="2">danacode</subfield>
	</datafield>
	<datafield ind1=" " ind2=" " tag="035">
		<subfield code="a">R008803187</subfield>
	</datafield>
	<datafield ind1=" " ind2="7" tag="039">
		<subfield code="b">6201</subfield>
	</datafield>
	<datafield ind1=" " ind2="9" tag="039">
		<subfield code="a">202005251231</subfield>
		<subfield code="b">6005</subfield>
		<subfield code="c">202005181036</subfield>
		<subfield code="d">6005</subfield>
		<subfield code="c">202005081042</subfield>
		<subfield code="d">6005</subfield>
		<subfield code="c">202005071057</subfield>
		<subfield code="d">6005</subfield>
		<subfield code="y">201805301457</subfield>
		<subfield code="z">6201</subfield>
	</datafield>
	<datafield ind1=" " ind2=" " tag="040">
		<subfield code="a">WEINB</subfield>
		<subfield code="b">eng</subfield>
		<subfield code="e">rda</subfield>
		<subfield code="d">OCLCO</subfield>
		<subfield code="d">HLS</subfield>
		<subfield code="d">OCLCO</subfield>
		<subfield code="d">OCLCF</subfield>
		<subfield code="d">OSU</subfield>
		<subfield code="d">OCL</subfield>
		<subfield code="d">NLGGC</subfield>
		<subfield code="d">OCLCQ</subfield>
		<subfield code="d">DLC</subfield>
		<subfield code="d">RERO gevbaa</subfield>
	</datafield>
	<datafield ind1="0" ind2=" " tag="041">
		<subfield code="a">heb</subfield>
		<subfield code="a">eng</subfield>
	</datafield>
	<datafield ind1=" " ind2="7" tag="072">
		<subfield code="a">s1ba</subfield>
		<subfield code="2">rero</subfield>
	</datafield>
	<datafield ind1="0" ind2="0" tag="245">
		<subfield code="6">880-01</subfield>
		<subfield code="a">Tsel ha-tseva' :</subfield>
		<subfield code="b">Otto Freundlich, Len Lye, Lygia Clark, Blinky Palermo = The shadow of color : Otto Freundlich, Len Lye, Lygia Clark, Blinky Palermo /</subfield>
		<subfield code="c">otseret, Riṭah Ḳersṭing</subfield>
	</datafield>
	<datafield ind1="3" ind2=" " tag="246">
		<subfield code="a">Shadow of color</subfield>
	</datafield>
	<datafield ind1=" " ind2="1" tag="264">
		<subfield code="6">880-02</subfield>
		<subfield code="a">Yerushalayim :</subfield>
		<subfield code="b">Muzêʾôn Yiśraʾel,</subfield>
		<subfield code="c">2016</subfield>
	</datafield>
	<datafield ind1=" " ind2=" " tag="300">
		<subfield code="a">27, 120 pages :</subfield>
		<subfield code="b">illustrations (chiefly color) ;</subfield>
		<subfield code="c">27 cm</subfield>
	</datafield>
	<datafield ind1=" " ind2=" " tag="336">
		<subfield code="b">txt</subfield>
		<subfield code="2">rdacontent</subfield>
	</datafield>
	<datafield ind1=" " ind2=" " tag="337">
		<subfield code="b">n</subfield>
		<subfield code="2">rdamedia</subfield>
	</datafield>
	<datafield ind1=" " ind2=" " tag="338">
		<subfield code="b">nc</subfield>
		<subfield code="2">rdacarrier</subfield>
	</datafield>
	<datafield ind1=" " ind2=" " tag="339">
		<subfield code="a">docmaintype_book</subfield>
		<subfield code="b">docsubtype_other_book</subfield>
	</datafield>
	<datafield ind1="1" ind2=" " tag="490">
		<subfield code="a">Qạṭalôg / Yiśraʾel mûzêʾôn</subfield>
		<subfield code="v">646</subfield>
	</datafield>
	<datafield ind1=" " ind2=" " tag="500">
		<subfield code="a">Catalogue for the exhibition held at the Israel Museum, Jerusalem, December 2016-April 2017</subfield>
	</datafield>
	<datafield ind1=" " ind2=" " tag="500">
		<subfield code="a">The artists whose works are united in this exhibition come from three different continents, and their combined lifetimes span the breadth of the twentieth century... They grew out of their own disparate backgrounds and settings, and yet they were fiercely individualistic... And today, all of them... are acknowledged as important figures in the history of twentieth-century art, whose influence on younger generations of artists would come to be substantial.--Foreword, page 5</subfield>
	</datafield>
	<datafield ind1=" " ind2=" " tag="504">
		<subfield code="a">Includes bibliographical references</subfield>
	</datafield>
	<datafield ind1="1" ind2="0" tag="600">
		<subfield code="a">Clark, Lygia,</subfield>
		<subfield code="d">1920-1988</subfield>
		<subfield code="v">Exhibitions</subfield>
	</datafield>
	<datafield ind1="1" ind2="0" tag="600">
		<subfield code="a">Freundlich, Otto,</subfield>
		<subfield code="d">1878-1943</subfield>
		<subfield code="v">Exhibitions</subfield>
	</datafield>
	<datafield ind1="1" ind2="0" tag="600">
		<subfield code="a">Lye, Len,</subfield>
		<subfield code="d">1901-1980</subfield>
		<subfield code="v">Exhibitions</subfield>
	</datafield>
	<datafield ind1="1" ind2="0" tag="600">
		<subfield code="a">Palermo,</subfield>
		<subfield code="d">1943-1977</subfield>
		<subfield code="v">Exhibitions</subfield>
	</datafield>
	<datafield ind1="1" ind2="7" tag="600">
		<subfield code="a">Freundlich, Otto</subfield>
		<subfield code="2">rero</subfield>
		<subfield code="0">(IdRef)027525457</subfield>
	</datafield>
	<datafield ind1="1" ind2="7" tag="600">
		<subfield code="a">Lye, Len</subfield>
		<subfield code="2">rero</subfield>
	</datafield>
	<datafield ind1="1" ind2="7" tag="600">
		<subfield code="a">Clark, Lygia</subfield>
		<subfield code="2">rero</subfield>
	</datafield>
	<datafield ind1="1" ind2="7" tag="600">
		<subfield code="a">Palermo, Blinky</subfield>
		<subfield code="2">rero</subfield>
		<subfield code="0">(IdRef)027930408</subfield>
	</datafield>
	<datafield ind1=" " ind2="0" tag="650">
		<subfield code="a">Art</subfield>
		<subfield code="z">Israel</subfield>
		<subfield code="v">Exhibitions</subfield>
	</datafield>
	<datafield ind1=" " ind2="0" tag="650">
		<subfield code="a">Art, Abstract</subfield>
		<subfield code="z">Israel</subfield>
		<subfield code="v">Exhibitions</subfield>
	</datafield>
	<datafield ind1=" " ind2="0" tag="650">
		<subfield code="a">Art, Modern</subfield>
		<subfield code="v">Exhibitions</subfield>
	</datafield>
	<datafield ind1=" " ind2="0" tag="650">
		<subfield code="a">Sculpture</subfield>
		<subfield code="z">Israel</subfield>
		<subfield code="v">Exhibitions</subfield>
	</datafield>
	<datafield ind1=" " ind2="0" tag="650">
		<subfield code="a">Video art</subfield>
		<subfield code="z">Israel</subfield>
		<subfield code="v">Exhibitions</subfield>
	</datafield>
	<datafield ind1=" " ind2="7" tag="655">
		<subfield code="a">[Catalogues d'exposition]</subfield>
		<subfield code="2">rero</subfield>
	</datafield>
	<datafield ind1="2" ind2=" " tag="710">
		<subfield code="a">Musée d'Israël (Jérusalem)</subfield>
		<subfield code="0">(IdRef)118427369</subfield>
	</datafield>
	<datafield ind1=" " ind2="0" tag="830">
		<subfield code="a">Qạṭalôg / Yiśraʾel mûzêʾôn</subfield>
		<subfield code="v">646</subfield>
		<subfield code="w">REROILS:2000061</subfield>
	</datafield>
	<datafield ind1="0" ind2="0" tag="880">
		<subfield code="6">245-01/(2/r</subfield>
		<subfield code="a">‏ צל הצבע:</subfield>
		<subfield code="b">‏אוטו פרוינדליך, לן לאי, ליז'יה קלארק, בלינקי פלרמו = The shadow of color : Otto Freundlich, Len Lye, Lygua Clark, Blinky Palermo /</subfield>
		<subfield code="c">‏אוצרת, ריטה קרסטינג</subfield>
	</datafield>
	<datafield ind1=" " ind2="1" tag="880">
		<subfield code="6">264-02/(2/r</subfield>
		<subfield code="a">ירושלים :</subfield>
		<subfield code="b">מוזיאון ישראל,</subfield>
		<subfield code="c">2016</subfield>
	</datafield>
	<datafield ind1=" " ind2="1" tag="900">
		<subfield code="a">LOC</subfield>
		<subfield code="b">20180530</subfield>
		<subfield code="c">Droits réservés</subfield>
	</datafield>
	<datafield ind1=" " ind2=" " tag="900">
		<subfield code="a">noselfmerge</subfield>
	</datafield>
	<datafield ind1=" " ind2=" " tag="902">
		<subfield code="a">gevbaa</subfield>
		<subfield code="b">2018/05</subfield>
		<subfield code="c">520</subfield>
	</datafield>
	<datafield ind1=" " ind2=" " tag="930">
		<subfield code="a">(LOC) 20001658</subfield>
	</datafield>
	<datafield ind1=" " ind2=" " tag="957">
		<subfield code="a">gevbaa</subfield>
	</datafield>
	<datafield ind1=" " ind2=" " tag="992">
		<subfield code="a">BAA 1654</subfield>
		<subfield code="x">ge/vbaa/e/2018/472543-1</subfield>
	</datafield>
</record>