

<record>
	<leader>00872naa a22002537a 4500</leader>
	<controlfield tag="001">REROILS:60</controlfield>
	<controlfield tag="003">RERO</controlfield>
	<controlfield tag="005">20170518133900.0</controlfield>
	<controlfield tag="008">980412s1968    xx ||| |  ||||00|  0eng d</controlfield>
	<datafield ind1=" " ind2=" " tag="035">
		<subfield code="a">R003449721</subfield>
	</datafield>
	<datafield ind1=" " ind2="9" tag="039">
		<subfield code="a">201705181339</subfield>
		<subfield code="b">VLOAD</subfield>
		<subfield code="c">201605141136</subfield>
		<subfield code="d">VLOAD</subfield>
		<subfield code="c">201210191813</subfield>
		<subfield code="d">VLOAD</subfield>
		<subfield code="c">201112192225</subfield>
		<subfield code="d">VLOAD</subfield>
		<subfield code="y">200506232328</subfield>
		<subfield code="z">VLOAD</subfield>
	</datafield>
	<datafield ind1=" " ind2=" " tag="040">
		<subfield code="a">RERO gewcc-</subfield>
	</datafield>
	<datafield ind1=" " ind2="7" tag="072">
		<subfield code="a">s1th</subfield>
		<subfield code="2">rero</subfield>
	</datafield>
	<datafield ind1="1" ind2=" " tag="100">
		<subfield code="a">Boojamra, John Lawrence</subfield>
		<subfield code="4">cre</subfield>
		<subfield code="0">(IdRef)056792948</subfield>
	</datafield>
	<datafield ind1="1" ind2="0" tag="245">
		<subfield code="a">Assembly theme discussed in Bossey /</subfield>
		<subfield code="c">J. L. Boojamra</subfield>
	</datafield>
	<datafield ind1=" " ind2="1" tag="264">
		<subfield code="c">1968</subfield>
	</datafield>
	<datafield ind1=" " ind2=" " tag="336">
		<subfield code="b">txt</subfield>
		<subfield code="2">rdacontent</subfield>
	</datafield>
	<datafield ind1=" " ind2=" " tag="337">
		<subfield code="b">n</subfield>
		<subfield code="2">rdamedia</subfield>
	</datafield>
	<datafield ind1=" " ind2=" " tag="338">
		<subfield code="b">nc</subfield>
		<subfield code="2">rdacarrier</subfield>
	</datafield>
	<datafield ind1=" " ind2=" " tag="339">
		<subfield code="a">docmaintype_article</subfield>
	</datafield>
	<datafield ind1=" " ind2=" " tag="580">
		<subfield code="a">In: St. Vladimir's Theological Quarterly ; v. 12, no 3, 1968, p. 175-177</subfield>
	</datafield>
	<datafield ind1="1" ind2=" " tag="773">
		<subfield code="t">St. Vladimir's theological quarterly</subfield>
		<subfield code="g">v. 12, no 3, 1968, p. 175-177</subfield>
		<subfield code="w">REROILS:2000038</subfield>
	</datafield>
	<datafield ind1=" " ind2=" " tag="957">
		<subfield code="a">gewcc-</subfield>
	</datafield>
	<datafield ind1=" " ind2=" " tag="982">
		<subfield code="2">wccsh</subfield>
		<subfield code="a">Ecumenical Institute Bossey</subfield>
		<subfield code="e">[LCSH]</subfield>
	</datafield>
</record>