

<record>
	<leader>01730nam a22003492a 4500</leader>
	<controlfield tag="001">REROILS:144</controlfield>
	<controlfield tag="003">RERO</controlfield>
	<controlfield tag="005">20200128112700.0</controlfield>
	<controlfield tag="008">110218s2009    fr ||| |  ||||00|  |fre d</controlfield>
	<datafield ind1=" " ind2=" " tag="019">
		<subfield code="a">Notice créée dans le cadre de la migration de la BM Delémont</subfield>
		<subfield code="9">jubmda/06.2011</subfield>
	</datafield>
	<datafield ind1=" " ind2=" " tag="020">
		<subfield code="a">9782246755616</subfield>
	</datafield>
	<datafield ind1="7" ind2=" " tag="024">
		<subfield code="a">http://catalogue.bnf.fr/ark:/12148/cb421219153</subfield>
		<subfield code="2">uri</subfield>
	</datafield>
	<datafield ind1=" " ind2=" " tag="035">
		<subfield code="a">R006039422</subfield>
	</datafield>
	<datafield ind1=" " ind2="9" tag="039">
		<subfield code="a">202001281127</subfield>
		<subfield code="b">VLOAD</subfield>
		<subfield code="c">201902260950</subfield>
		<subfield code="d">VLOAD</subfield>
		<subfield code="c">201808131836</subfield>
		<subfield code="d">VLOAD</subfield>
		<subfield code="c">201804030851</subfield>
		<subfield code="d">VLOAD</subfield>
		<subfield code="y">201106171624</subfield>
		<subfield code="z">VLOAD</subfield>
	</datafield>
	<datafield ind1=" " ind2=" " tag="040">
		<subfield code="a">RERO jubmda</subfield>
	</datafield>
	<datafield ind1=" " ind2="7" tag="072">
		<subfield code="a">s1zz</subfield>
		<subfield code="2">rero</subfield>
	</datafield>
	<datafield ind1="1" ind2=" " tag="100">
		<subfield code="a">Olmi, Véronique</subfield>
		<subfield code="4">cre</subfield>
	</datafield>
	<datafield ind1="1" ind2="3" tag="245">
		<subfield code="a">Le premier amour :</subfield>
		<subfield code="b">roman /</subfield>
		<subfield code="c">Véronique Olmi</subfield>
	</datafield>
	<datafield ind1=" " ind2="1" tag="264">
		<subfield code="a">Paris :</subfield>
		<subfield code="b">Grasset,</subfield>
		<subfield code="c">2009</subfield>
	</datafield>
	<datafield ind1=" " ind2=" " tag="300">
		<subfield code="a">299 p. ;</subfield>
		<subfield code="c">21 cm</subfield>
	</datafield>
	<datafield ind1=" " ind2=" " tag="336">
		<subfield code="b">txt</subfield>
		<subfield code="2">rdacontent</subfield>
	</datafield>
	<datafield ind1=" " ind2=" " tag="337">
		<subfield code="b">n</subfield>
		<subfield code="2">rdamedia</subfield>
	</datafield>
	<datafield ind1=" " ind2=" " tag="338">
		<subfield code="b">nc</subfield>
		<subfield code="2">rdacarrier</subfield>
	</datafield>
	<datafield ind1=" " ind2=" " tag="339">
		<subfield code="a">docmaintype_book</subfield>
		<subfield code="b">docsubtype_other_book</subfield>
	</datafield>
	<datafield ind1="8" ind2=" " tag="520">
		<subfield code="a">Une femme prépare un dîner aux chandelles pour fêter son anniversaire de mariage. Elle descend dans sa cave pour y chercher une bouteille de vin, qu'elle trouve enveloppée dans un papier journal dont elle lit distraitement les petites annonces. Soudain, sa vie bascule : elle remonte les escaliers, éteint le four, prend sa voiture, quitte tout. En chacun d'entre nous repose peut-être, tapie sous l'apparente quiétude quotidienne, la possibilité d'être un jour requis par son premier amour...</subfield>
		<subfield code="9">vdbuss/05.2013</subfield>
	</datafield>
	<datafield ind1=" " ind2=" " tag="900">
		<subfield code="a">noselfmerge</subfield>
	</datafield>
	<datafield ind1=" " ind2=" " tag="904">
		<subfield code="a">jubmdare op177906</subfield>
	</datafield>
	<datafield ind1=" " ind2=" " tag="919">
		<subfield code="a">roman sentimental</subfield>
		<subfield code="2">vschab</subfield>
	</datafield>
	<datafield ind1=" " ind2=" " tag="960">
		<subfield code="a">jubmda</subfield>
	</datafield>
	<datafield ind1=" " ind2=" " tag="973">
		<subfield code="a">vsbcvs vsvion vsvouv</subfield>
	</datafield>
	<datafield ind1=" " ind2=" " tag="984">
		<subfield code="2">jubmd</subfield>
		<subfield code="a">AMOUR</subfield>
		<subfield code="e">[Fiction]</subfield>
	</datafield>
</record>