

<record>
	<leader>01224nam a2200373 a 4500</leader>
	<controlfield tag="001">REROILS:50</controlfield>
	<controlfield tag="003">RERO</controlfield>
	<controlfield tag="005">20171122135700.0</controlfield>
	<controlfield tag="008">160128s2016    gw ||| |  ||||00|  |ger d</controlfield>
	<datafield ind1=" " ind2=" " tag="020">
		<subfield code="a">9783570102923</subfield>
	</datafield>
	<datafield ind1=" " ind2=" " tag="035">
		<subfield code="a">R008352127</subfield>
	</datafield>
	<datafield ind1=" " ind2="9" tag="039">
		<subfield code="a">201711221357</subfield>
		<subfield code="b">AUTHORITY</subfield>
		<subfield code="c">201705201840</subfield>
		<subfield code="d">VLOAD</subfield>
		<subfield code="c">201605161725</subfield>
		<subfield code="d">VLOAD</subfield>
		<subfield code="c">201604080908</subfield>
		<subfield code="d">1215</subfield>
		<subfield code="y">201601281129</subfield>
		<subfield code="z">1341</subfield>
	</datafield>
	<datafield ind1=" " ind2=" " tag="040">
		<subfield code="a">RERO vsbcvs</subfield>
	</datafield>
	<datafield ind1="1" ind2=" " tag="041">
		<subfield code="a">ger</subfield>
		<subfield code="h">eng</subfield>
	</datafield>
	<datafield ind1=" " ind2="7" tag="072">
		<subfield code="a">s1an</subfield>
		<subfield code="2">rero</subfield>
	</datafield>
	<datafield ind1="1" ind2=" " tag="100">
		<subfield code="a">Downham, Jenny</subfield>
		<subfield code="4">cre</subfield>
		<subfield code="0">(IdRef)127839852</subfield>
	</datafield>
	<datafield ind1="1" ind2="4" tag="245">
		<subfield code="a">Die Ungehörigkeit des Glücks :</subfield>
		<subfield code="b">[Roman] /</subfield>
		<subfield code="c">Jenny Downham ; aus dem Engl. übers. von Astrid Arz</subfield>
	</datafield>
	<datafield ind1=" " ind2="1" tag="264">
		<subfield code="a">München :</subfield>
		<subfield code="b">Bertelsmann,</subfield>
		<subfield code="c">2016</subfield>
	</datafield>
	<datafield ind1=" " ind2=" " tag="300">
		<subfield code="a">478 S.</subfield>
	</datafield>
	<datafield ind1=" " ind2=" " tag="336">
		<subfield code="b">txt</subfield>
		<subfield code="2">rdacontent</subfield>
	</datafield>
	<datafield ind1=" " ind2=" " tag="337">
		<subfield code="b">n</subfield>
		<subfield code="2">rdamedia</subfield>
	</datafield>
	<datafield ind1=" " ind2=" " tag="338">
		<subfield code="b">nc</subfield>
		<subfield code="2">rdacarrier</subfield>
	</datafield>
	<datafield ind1=" " ind2=" " tag="339">
		<subfield code="a">docmaintype_book</subfield>
		<subfield code="b">docsubtype_other_book</subfield>
	</datafield>
	<datafield ind1=" " ind2=" " tag="500">
		<subfield code="a">Übers. von: Unbecoming</subfield>
	</datafield>
	<datafield ind1="1" ind2=" " tag="700">
		<subfield code="a">Arz, Astrid,</subfield>
		<subfield code="d">1958-</subfield>
	</datafield>
	<datafield ind1=" " ind2=" " tag="900">
		<subfield code="a">noselfmerge</subfield>
	</datafield>
	<datafield ind1=" " ind2=" " tag="906">
		<subfield code="a">bcvs</subfield>
		<subfield code="b">2016/02</subfield>
		<subfield code="c">16</subfield>
	</datafield>
	<datafield ind1=" " ind2=" " tag="906">
		<subfield code="a">vsgbna</subfield>
		<subfield code="b">2016/04</subfield>
		<subfield code="c">05</subfield>
	</datafield>
	<datafield ind1=" " ind2=" " tag="973">
		<subfield code="a">vsbcvb vsgbna</subfield>
	</datafield>
	<datafield ind1=" " ind2=" " tag="986">
		<subfield code="2">swna</subfield>
		<subfield code="a">Familie</subfield>
	</datafield>
	<datafield ind1=" " ind2=" " tag="986">
		<subfield code="2">ske</subfield>
		<subfield code="a">Familie</subfield>
	</datafield>
</record>