

<record>
	<leader>01165nam a2200361 a 4500</leader>
	<controlfield tag="001">REROILS:64</controlfield>
	<controlfield tag="003">RERO</controlfield>
	<controlfield tag="005">20201217143100.0</controlfield>
	<controlfield tag="008">860423s1985    sz |||||| ||||00|| |ger d</controlfield>
	<datafield ind1=" " ind2=" " tag="020">
		<subfield code="a">9783545364103</subfield>
	</datafield>
	<datafield ind1="7" ind2=" " tag="024">
		<subfield code="a">http://catalogue.bnf.fr/ark:/12148/cb348868625</subfield>
		<subfield code="2">uri</subfield>
	</datafield>
	<datafield ind1=" " ind2=" " tag="035">
		<subfield code="a">0704427</subfield>
	</datafield>
	<datafield ind1=" " ind2="9" tag="039">
		<subfield code="a">202012171431</subfield>
		<subfield code="b">3554</subfield>
		<subfield code="c">202007130113</subfield>
		<subfield code="d">VLOAD</subfield>
		<subfield code="c">201901301040</subfield>
		<subfield code="d">AUTHORITY</subfield>
		<subfield code="c">201705161320</subfield>
		<subfield code="d">VLOAD</subfield>
		<subfield code="y">1999022802250000</subfield>
		<subfield code="z">load</subfield>
	</datafield>
	<datafield ind1=" " ind2=" " tag="040">
		<subfield code="a">RERO frbcuc</subfield>
	</datafield>
	<datafield ind1=" " ind2="7" tag="072">
		<subfield code="a">s1al</subfield>
		<subfield code="2">rero</subfield>
	</datafield>
	<datafield ind1="1" ind2=" " tag="100">
		<subfield code="a">Vogt, Walter,</subfield>
		<subfield code="d">1927-1988</subfield>
		<subfield code="4">cre</subfield>
	</datafield>
	<datafield ind1="1" ind2="0" tag="245">
		<subfield code="a">Maskenzwang :</subfield>
		<subfield code="b">Erzählungen /</subfield>
		<subfield code="c">Walter Vogt</subfield>
	</datafield>
	<datafield ind1=" " ind2="1" tag="264">
		<subfield code="a">Zürich ;</subfield>
		<subfield code="a">Köln :</subfield>
		<subfield code="b">Benziger,</subfield>
		<subfield code="c">[1985]</subfield>
	</datafield>
	<datafield ind1=" " ind2="4" tag="264">
		<subfield code="c">© 1985</subfield>
	</datafield>
	<datafield ind1=" " ind2=" " tag="300">
		<subfield code="a">255 S. ;</subfield>
		<subfield code="c">21 cm</subfield>
	</datafield>
	<datafield ind1=" " ind2=" " tag="336">
		<subfield code="b">txt</subfield>
		<subfield code="2">rdacontent</subfield>
	</datafield>
	<datafield ind1=" " ind2=" " tag="337">
		<subfield code="b">n</subfield>
		<subfield code="2">rdamedia</subfield>
	</datafield>
	<datafield ind1=" " ind2=" " tag="338">
		<subfield code="b">nc</subfield>
		<subfield code="2">rdacarrier</subfield>
	</datafield>
	<datafield ind1=" " ind2=" " tag="339">
		<subfield code="a">docmaintype_book</subfield>
		<subfield code="b">docsubtype_other_book</subfield>
	</datafield>
	<datafield ind1=" " ind2=" " tag="900">
		<subfield code="a">noselfmerge</subfield>
	</datafield>
	<datafield ind1=" " ind2=" " tag="956">
		<subfield code="a">frbcuc</subfield>
	</datafield>
	<datafield ind1=" " ind2=" " tag="957">
		<subfield code="a">geulal</subfield>
	</datafield>
	<datafield ind1=" " ind2=" " tag="962">
		<subfield code="a">nebpun neubfl</subfield>
	</datafield>
	<datafield ind1=" " ind2=" " tag="982">
		<subfield code="2">ge-ulal</subfield>
		<subfield code="a">LM/20-T VOGT,W 7*Mas</subfield>
	</datafield>
	<datafield ind1=" " ind2=" " tag="992">
		<subfield code="a">BFLA 25346</subfield>
		<subfield code="x">ge/ulal/a/87/395</subfield>
	</datafield>
	<datafield ind1=" " ind2=" " tag="994">
		<subfield code="a">BPUN FP 13221</subfield>
		<subfield code="x">ne/bpup/a/1540/1985</subfield>
		<subfield code="x">ne/bpup/w [Transféré au Fonds d'étude en 2006.]</subfield>
	</datafield>
	<datafield ind1=" " ind2=" " tag="994">
		<subfield code="a">NELA 44414</subfield>
		<subfield code="x">ne/ubfl/a</subfield>
	</datafield>
</record>