

<record>
	<leader>01284nam a22003492a 4500</leader>
	<controlfield tag="001">REROILS:170</controlfield>
	<controlfield tag="003">RERO</controlfield>
	<controlfield tag="005">20210116151900.0</controlfield>
	<controlfield tag="008">110218s2010    fr ||| |  ||||00|  |fre d</controlfield>
	<datafield ind1=" " ind2=" " tag="019">
		<subfield code="a">Notice créée dans le cadre de la migration de la BM Delémont</subfield>
		<subfield code="9">jubmda/06.2011</subfield>
	</datafield>
	<datafield ind1=" " ind2=" " tag="020">
		<subfield code="a">9782070629442</subfield>
	</datafield>
	<datafield ind1="7" ind2=" " tag="024">
		<subfield code="a">http://catalogue.bnf.fr/ark:/12148/cb42124094g</subfield>
		<subfield code="2">uri</subfield>
	</datafield>
	<datafield ind1=" " ind2=" " tag="035">
		<subfield code="a">R006039429</subfield>
	</datafield>
	<datafield ind1=" " ind2="9" tag="039">
		<subfield code="a">202101161519</subfield>
		<subfield code="b">VLOAD</subfield>
		<subfield code="c">202007021353</subfield>
		<subfield code="d">4996</subfield>
		<subfield code="c">201911141555</subfield>
		<subfield code="d">VLOAD</subfield>
		<subfield code="c">201804030851</subfield>
		<subfield code="d">VLOAD</subfield>
		<subfield code="y">201106171624</subfield>
		<subfield code="z">VLOAD</subfield>
	</datafield>
	<datafield ind1=" " ind2=" " tag="040">
		<subfield code="a">RERO jubmda</subfield>
	</datafield>
	<datafield ind1=" " ind2="7" tag="072">
		<subfield code="a">s1zz</subfield>
		<subfield code="2">rero</subfield>
	</datafield>
	<datafield ind1="1" ind2=" " tag="100">
		<subfield code="a">Krebs, Franck</subfield>
		<subfield code="4">cre</subfield>
		<subfield code="0">(IdRef)086136151</subfield>
	</datafield>
	<datafield ind1="1" ind2="2" tag="245">
		<subfield code="a">L'enfer s'occupe du reste /</subfield>
		<subfield code="c">Franck Krebs</subfield>
	</datafield>
	<datafield ind1=" " ind2="1" tag="264">
		<subfield code="a">Paris :</subfield>
		<subfield code="b">Gallimard,</subfield>
		<subfield code="c">2010</subfield>
	</datafield>
	<datafield ind1=" " ind2=" " tag="300">
		<subfield code="a">295 p. :</subfield>
		<subfield code="b">ill. ;</subfield>
		<subfield code="c">23 cm</subfield>
	</datafield>
	<datafield ind1=" " ind2=" " tag="336">
		<subfield code="b">txt</subfield>
		<subfield code="2">rdacontent</subfield>
	</datafield>
	<datafield ind1=" " ind2=" " tag="337">
		<subfield code="b">n</subfield>
		<subfield code="2">rdamedia</subfield>
	</datafield>
	<datafield ind1=" " ind2=" " tag="338">
		<subfield code="b">nc</subfield>
		<subfield code="2">rdacarrier</subfield>
	</datafield>
	<datafield ind1=" " ind2=" " tag="339">
		<subfield code="a">docmaintype_book</subfield>
		<subfield code="b">docsubtype_other_book</subfield>
	</datafield>
	<datafield ind1="0" ind2=" " tag="490">
		<subfield code="a">Opération Phénix / Franck Krebs</subfield>
		<subfield code="v">saison 2</subfield>
	</datafield>
	<datafield ind1=" " ind2="7" tag="655">
		<subfield code="a">[Roman pour la jeunesse]</subfield>
		<subfield code="2">rero</subfield>
	</datafield>
	<datafield ind1=" " ind2=" " tag="900">
		<subfield code="a">noselfmerge</subfield>
	</datafield>
	<datafield ind1=" " ind2=" " tag="904">
		<subfield code="a">jubmdare op177938</subfield>
	</datafield>
	<datafield ind1=" " ind2=" " tag="960">
		<subfield code="a">jubmda</subfield>
	</datafield>
	<datafield ind1=" " ind2=" " tag="984">
		<subfield code="2">jubmd</subfield>
		<subfield code="a">ROMAN D'ESPIONNAGE</subfield>
		<subfield code="e">[Fiction]</subfield>
	</datafield>
	<datafield ind1=" " ind2=" " tag="984">
		<subfield code="2">jubmd</subfield>
		<subfield code="a">Titre de série : Opération Phénix / Franck Krebs</subfield>
	</datafield>
</record>