

<record>
	<leader>01571nam a2200409 a 4500</leader>
	<controlfield tag="001">REROILS:27</controlfield>
	<controlfield tag="003">RERO</controlfield>
	<controlfield tag="005">20200712125800.0</controlfield>
	<controlfield tag="008">120315s1745    ne ||| |  ||||00|  |fre d</controlfield>
	<datafield ind1=" " ind2=" " tag="019">
		<subfield code="a">Cat. selon SBB</subfield>
		<subfield code="9">frbcuc/03.2012</subfield>
	</datafield>
	<datafield ind1="7" ind2=" " tag="024">
		<subfield code="a">http://catalogue.bnf.fr/ark:/12148/cb30760090m</subfield>
		<subfield code="2">uri</subfield>
	</datafield>
	<datafield ind1=" " ind2=" " tag="035">
		<subfield code="a">R007021447</subfield>
	</datafield>
	<datafield ind1=" " ind2="9" tag="039">
		<subfield code="a">202007121258</subfield>
		<subfield code="b">VLOAD</subfield>
		<subfield code="c">201806141136</subfield>
		<subfield code="d">6006</subfield>
		<subfield code="c">201705311750</subfield>
		<subfield code="d">VLOAD</subfield>
		<subfield code="y">201203150817</subfield>
		<subfield code="z">0132</subfield>
	</datafield>
	<datafield ind1=" " ind2=" " tag="040">
		<subfield code="a">RERO frbcuc</subfield>
	</datafield>
	<datafield ind1=" " ind2="7" tag="072">
		<subfield code="a">s1fr</subfield>
		<subfield code="2">rero</subfield>
	</datafield>
	<datafield ind1="1" ind2=" " tag="100">
		<subfield code="a">Le Blanc, Jean-Bernard,</subfield>
		<subfield code="c">Abbé</subfield>
		<subfield code="4">cre</subfield>
		<subfield code="0">(IdRef)03020027X</subfield>
	</datafield>
	<datafield ind1="1" ind2="0" tag="245">
		<subfield code="a">Lettres d'un François</subfield>
	</datafield>
	<datafield ind1="3" ind2=" " tag="246">
		<subfield code="a">Lettres d'un Français</subfield>
	</datafield>
	<datafield ind1=" " ind2="1" tag="264">
		<subfield code="a">A La Haye :</subfield>
		<subfield code="b">chez Jean Néaulme, libraire,</subfield>
		<subfield code="c">1745</subfield>
	</datafield>
	<datafield ind1=" " ind2=" " tag="300">
		<subfield code="a">3 vol. ([4], II, [2], 327 p.) ([4], II, 357 p.) ([4], II, 380, [2] p.) ;</subfield>
		<subfield code="c">12° (17 cm)</subfield>
	</datafield>
	<datafield ind1=" " ind2=" " tag="336">
		<subfield code="b">txt</subfield>
		<subfield code="2">rdacontent</subfield>
	</datafield>
	<datafield ind1=" " ind2=" " tag="337">
		<subfield code="b">n</subfield>
		<subfield code="2">rdamedia</subfield>
	</datafield>
	<datafield ind1=" " ind2=" " tag="338">
		<subfield code="b">nc</subfield>
		<subfield code="2">rdacarrier</subfield>
	</datafield>
	<datafield ind1=" " ind2=" " tag="339">
		<subfield code="a">docmaintype_book</subfield>
		<subfield code="b">docsubtype_other_book</subfield>
	</datafield>
	<datafield ind1=" " ind2=" " tag="500">
		<subfield code="a">L'auteur est Jean-Bernard Le Blanc</subfield>
	</datafield>
	<datafield ind1="3" ind2=" " tag="510">
		<subfield code="a">Conlon 45:952</subfield>
	</datafield>
	<datafield ind1=" " ind2=" " tag="583">
		<subfield code="5">gevbge BGE JDC 1349</subfield>
		<subfield code="z">1</subfield>
	</datafield>
	<datafield ind1="1" ind2=" " tag="700">
		<subfield code="a">Néaulme, Jean</subfield>
		<subfield code="4">prt</subfield>
		<subfield code="0">(IdRef)031386725</subfield>
	</datafield>
	<datafield ind1=" " ind2=" " tag="752">
		<subfield code="d">Den Haag (1450-1800, lieu d'édition ou d'impression)</subfield>
	</datafield>
	<datafield ind1="4" ind2="1" tag="856">
		<subfield code="3">fullText</subfield>
		<subfield code="u">http://reader.digitale-sammlungen.de/resolve/display/bsb10280564.html</subfield>
		<subfield code="z">Vol. 1</subfield>
	</datafield>
	<datafield ind1="4" ind2="1" tag="856">
		<subfield code="3">fullText</subfield>
		<subfield code="u">http://reader.digitale-sammlungen.de/resolve/display/bsb10280565.html</subfield>
		<subfield code="z">Vol. 2</subfield>
	</datafield>
	<datafield ind1="4" ind2="1" tag="856">
		<subfield code="3">fullText</subfield>
		<subfield code="u">http://reader.digitale-sammlungen.de/resolve/display/bsb10280566.html</subfield>
		<subfield code="z">Vol. 3</subfield>
	</datafield>
	<datafield ind1=" " ind2=" " tag="900">
		<subfield code="a">swissbibnomerge</subfield>
	</datafield>
	<datafield ind1=" " ind2=" " tag="956">
		<subfield code="a">frbcuc</subfield>
	</datafield>
	<datafield ind1=" " ind2=" " tag="957">
		<subfield code="a">gevbge</subfield>
	</datafield>
	<datafield ind1=" " ind2=" " tag="980">
		<subfield code="2">brp</subfield>
		<subfield code="a">452.D.6</subfield>
	</datafield>
	<datafield ind1=" " ind2=" " tag="992">
		<subfield code="a">BGE JDC 1349</subfield>
		<subfield code="x">ge/vbge/a/A2018/1</subfield>
	</datafield>
</record>