

<record>
	<leader>00701nas a22002297a 4500</leader>
	<controlfield tag="001">REROILS:128</controlfield>
	<controlfield tag="003">RERO</controlfield>
	<controlfield tag="005">20170518094500.0</controlfield>
	<controlfield tag="008">000730c1993    gw |||m|  ||||0 |  0ger d</controlfield>
	<datafield ind1=" " ind2=" " tag="035">
		<subfield code="a">R229312860</subfield>
	</datafield>
	<datafield ind1=" " ind2=" " tag="039">
		<subfield code="b">6201</subfield>
		<subfield code="b">9400c</subfield>
	</datafield>
	<datafield ind1=" " ind2="9" tag="039">
		<subfield code="a">201705180945</subfield>
		<subfield code="b">VLOAD</subfield>
		<subfield code="c">200811131418</subfield>
		<subfield code="d">6201</subfield>
		<subfield code="c">200605280439</subfield>
		<subfield code="d">VLOAD</subfield>
		<subfield code="c">200007302247</subfield>
		<subfield code="d">VLOAD0062</subfield>
		<subfield code="y">1999030121570000</subfield>
		<subfield code="z">load0062</subfield>
	</datafield>
	<datafield ind1=" " ind2=" " tag="040">
		<subfield code="a">RERO gevbaa</subfield>
	</datafield>
	<datafield ind1="0" ind2="0" tag="245">
		<subfield code="a">Fotomuseum</subfield>
	</datafield>
	<datafield ind1=" " ind2="1" tag="264">
		<subfield code="a">Frankfurt a.M. :</subfield>
		<subfield code="b">Fototage,</subfield>
		<subfield code="c">1993</subfield>
	</datafield>
	<datafield ind1=" " ind2=" " tag="300">
		<subfield code="a">15 vol. :</subfield>
		<subfield code="b">ill. en noir et en coul. ;</subfield>
		<subfield code="c">27 cm</subfield>
	</datafield>
	<datafield ind1=" " ind2=" " tag="336">
		<subfield code="b">txt</subfield>
		<subfield code="2">rdacontent</subfield>
	</datafield>
	<datafield ind1=" " ind2=" " tag="337">
		<subfield code="b">n</subfield>
		<subfield code="2">rdamedia</subfield>
	</datafield>
	<datafield ind1=" " ind2=" " tag="338">
		<subfield code="b">nc</subfield>
		<subfield code="2">rdacarrier</subfield>
	</datafield>
	<datafield ind1=" " ind2=" " tag="339">
		<subfield code="a">docmaintype_series</subfield>
	</datafield>
	<datafield ind1="2" ind2=" " tag="711">
		<subfield code="a">Fototage</subfield>
		<subfield code="n">(1 :</subfield>
		<subfield code="d">1993 :</subfield>
		<subfield code="c">Frankfurt, Main)</subfield>
	</datafield>
	<datafield ind1=" " ind2=" " tag="900">
		<subfield code="a">noselfmerge</subfield>
	</datafield>
</record>