

<record>
	<leader>01452cam a2200397 a 4500</leader>
	<controlfield tag="001">REROILS:191</controlfield>
	<controlfield tag="003">RERO</controlfield>
	<controlfield tag="005">20200710092600.0</controlfield>
	<controlfield tag="008">910624m19899999it |||||| ||||00|  |ita d</controlfield>
	<datafield ind1=" " ind2=" " tag="020">
		<subfield code="a">8871250680 (t. 3)</subfield>
	</datafield>
	<datafield ind1=" " ind2=" " tag="020">
		<subfield code="a">8871250699 (t. 4)</subfield>
	</datafield>
	<datafield ind1=" " ind2=" " tag="020">
		<subfield code="a">8871250850 (t. 6)</subfield>
	</datafield>
	<datafield ind1=" " ind2=" " tag="020">
		<subfield code="a">8871250842 (t. 7)</subfield>
	</datafield>
	<datafield ind1=" " ind2=" " tag="020">
		<subfield code="a">8871251199 (t. 8)</subfield>
	</datafield>
	<datafield ind1=" " ind2=" " tag="035">
		<subfield code="a">1394334</subfield>
	</datafield>
	<datafield ind1=" " ind2=" " tag="039">
		<subfield code="b">0024</subfield>
	</datafield>
	<datafield ind1=" " ind2="9" tag="039">
		<subfield code="a">202007100926</subfield>
		<subfield code="b">VLOAD</subfield>
		<subfield code="c">201811070941</subfield>
		<subfield code="d">VLOAD</subfield>
		<subfield code="c">201705171254</subfield>
		<subfield code="d">VLOAD</subfield>
		<subfield code="c">201704011850</subfield>
		<subfield code="d">VLOAD</subfield>
		<subfield code="y">1999022818340000</subfield>
		<subfield code="z">load</subfield>
	</datafield>
	<datafield ind1=" " ind2=" " tag="040">
		<subfield code="a">RERO labcud</subfield>
	</datafield>
	<datafield ind1=" " ind2="7" tag="072">
		<subfield code="a">s1hs</subfield>
		<subfield code="2">rero</subfield>
	</datafield>
	<datafield ind1="0" ind2="0" tag="245">
		<subfield code="a">Inventario dell'Archivio del Banco di San Giorgio (1407-1805) /</subfield>
		<subfield code="c">Archivio di Stato di Genova ; sotto la dir. di Giuseppe Felloni.</subfield>
		<subfield code="n">Vol. 4,</subfield>
		<subfield code="p">Debito pubblico / a cura di Giuseppe Felloni</subfield>
	</datafield>
	<datafield ind1=" " ind2="1" tag="264">
		<subfield code="a">Roma :</subfield>
		<subfield code="b">Ministero per i beni culturali e ambientali,</subfield>
		<subfield code="c">1989-</subfield>
	</datafield>
	<datafield ind1=" " ind2=" " tag="300">
		<subfield code="a">T. 1- ;</subfield>
		<subfield code="c">24 cm</subfield>
	</datafield>
	<datafield ind1=" " ind2=" " tag="336">
		<subfield code="b">txt</subfield>
		<subfield code="2">rdacontent</subfield>
	</datafield>
	<datafield ind1=" " ind2=" " tag="337">
		<subfield code="b">n</subfield>
		<subfield code="2">rdamedia</subfield>
	</datafield>
	<datafield ind1=" " ind2=" " tag="338">
		<subfield code="b">nc</subfield>
		<subfield code="2">rdacarrier</subfield>
	</datafield>
	<datafield ind1=" " ind2=" " tag="339">
		<subfield code="a">docmaintype_book</subfield>
		<subfield code="b">docsubtype_other_book</subfield>
	</datafield>
	<datafield ind1="2" ind2=" " tag="710">
		<subfield code="a">Archivio di Stato (Genova)</subfield>
		<subfield code="0">(IdRef)055053149</subfield>
	</datafield>
	<datafield ind1=" " ind2="0" tag="830">
		<subfield code="a">Inventario dell'Archivio del Banco di San Giorgio (1407-1805)</subfield>
		<subfield code="v">4</subfield>
		<subfield code="w">REROILS:2000063</subfield>
	</datafield>
	<datafield ind1=" " ind2=" " tag="900">
		<subfield code="a">noselfmerge</subfield>
	</datafield>
	<datafield ind1=" " ind2=" " tag="902">
		<subfield code="a">gecaeg</subfield>
		<subfield code="b">2013/11</subfield>
		<subfield code="c">10</subfield>
	</datafield>
	<datafield ind1=" " ind2=" " tag="902">
		<subfield code="a">arch</subfield>
	</datafield>
	<datafield ind1=" " ind2=" " tag="956">
		<subfield code="a">frbcuc</subfield>
	</datafield>
	<datafield ind1=" " ind2=" " tag="957">
		<subfield code="a">gecaeg</subfield>
	</datafield>
	<datafield ind1=" " ind2=" " tag="992">
		<subfield code="a">AEG B 4478/4</subfield>
		<subfield code="x">ge/caeg/d/2013/304</subfield>
	</datafield>
</record>