

<record>
	<leader>00798naa a22002417a 4500</leader>
	<controlfield tag="001">REROILS:110</controlfield>
	<controlfield tag="003">RERO</controlfield>
	<controlfield tag="005">20170518130500.0</controlfield>
	<controlfield tag="008">980412s1985    xx ||| |  ||||00|  0ger d</controlfield>
	<datafield ind1=" " ind2=" " tag="035">
		<subfield code="a">R003440523</subfield>
	</datafield>
	<datafield ind1=" " ind2="9" tag="039">
		<subfield code="a">201705181305</subfield>
		<subfield code="b">VLOAD</subfield>
		<subfield code="c">201605141115</subfield>
		<subfield code="d">VLOAD</subfield>
		<subfield code="c">201210191759</subfield>
		<subfield code="d">VLOAD</subfield>
		<subfield code="c">201112192147</subfield>
		<subfield code="d">VLOAD</subfield>
		<subfield code="y">200506232301</subfield>
		<subfield code="z">VLOAD</subfield>
	</datafield>
	<datafield ind1=" " ind2=" " tag="040">
		<subfield code="a">RERO gewcc-</subfield>
	</datafield>
	<datafield ind1=" " ind2="7" tag="072">
		<subfield code="a">s1th</subfield>
		<subfield code="2">rero</subfield>
	</datafield>
	<datafield ind1="0" ind2="0" tag="245">
		<subfield code="a">Auf dem Weg zum gemeinsamen Aussprechen des apostolischen Glaubens heute</subfield>
	</datafield>
	<datafield ind1=" " ind2="1" tag="264">
		<subfield code="c">1985</subfield>
	</datafield>
	<datafield ind1=" " ind2=" " tag="336">
		<subfield code="b">txt</subfield>
		<subfield code="2">rdacontent</subfield>
	</datafield>
	<datafield ind1=" " ind2=" " tag="337">
		<subfield code="b">n</subfield>
		<subfield code="2">rdamedia</subfield>
	</datafield>
	<datafield ind1=" " ind2=" " tag="338">
		<subfield code="b">nc</subfield>
		<subfield code="2">rdacarrier</subfield>
	</datafield>
	<datafield ind1=" " ind2=" " tag="339">
		<subfield code="a">docmaintype_article</subfield>
	</datafield>
	<datafield ind1=" " ind2=" " tag="580">
		<subfield code="a">In: Ökumenische Rundschau ; v. 34 (1985) p. 522-526</subfield>
	</datafield>
	<datafield ind1="1" ind2=" " tag="773">
		<subfield code="t">Ökumenische Rundschau</subfield>
		<subfield code="g">v. 34 (1985) p. 522-526</subfield>
		<subfield code="w">REROILS:19</subfield>
	</datafield>
	<datafield ind1=" " ind2=" " tag="957">
		<subfield code="a">gewcc-</subfield>
	</datafield>
	<datafield ind1=" " ind2=" " tag="982">
		<subfield code="2">wccsh</subfield>
		<subfield code="a">Faith</subfield>
		<subfield code="d">Ecumenical theology</subfield>
	</datafield>
</record>