

<record>
	<leader>01393nam a22003732a 4500</leader>
	<controlfield tag="001">REROILS:70</controlfield>
	<controlfield tag="003">RERO</controlfield>
	<controlfield tag="005">20191014154500.0</controlfield>
	<controlfield tag="008">110218s1997    fr ||| |  ||||00|  |fre d</controlfield>
	<datafield ind1=" " ind2=" " tag="019">
		<subfield code="a">Notice créée dans le cadre de la migration de la BM Delémont</subfield>
		<subfield code="9">jubmda/06.2011</subfield>
	</datafield>
	<datafield ind1=" " ind2=" " tag="020">
		<subfield code="a">9782226095701</subfield>
	</datafield>
	<datafield ind1="7" ind2=" " tag="024">
		<subfield code="a">http://catalogue.bnf.fr/ark:/12148/cb361984902</subfield>
		<subfield code="2">uri</subfield>
	</datafield>
	<datafield ind1=" " ind2=" " tag="035">
		<subfield code="a">R006030226</subfield>
	</datafield>
	<datafield ind1=" " ind2="9" tag="039">
		<subfield code="a">201910141545</subfield>
		<subfield code="b">AUTHORITY</subfield>
		<subfield code="c">201907251836</subfield>
		<subfield code="d">VLOAD</subfield>
		<subfield code="c">201804031621</subfield>
		<subfield code="d">VLOAD</subfield>
		<subfield code="c">201705301328</subfield>
		<subfield code="d">VLOAD</subfield>
		<subfield code="y">201106171535</subfield>
		<subfield code="z">VLOAD</subfield>
	</datafield>
	<datafield ind1=" " ind2=" " tag="040">
		<subfield code="a">RERO jubmda</subfield>
	</datafield>
	<datafield ind1="1" ind2=" " tag="041">
		<subfield code="a">fre</subfield>
		<subfield code="h">ita</subfield>
	</datafield>
	<datafield ind1=" " ind2="7" tag="072">
		<subfield code="a">s1zz</subfield>
		<subfield code="2">rero</subfield>
	</datafield>
	<datafield ind1="1" ind2=" " tag="100">
		<subfield code="a">Baricco, Alessandro,</subfield>
		<subfield code="d">1958-</subfield>
		<subfield code="4">cre</subfield>
		<subfield code="0">(IdRef)031301134</subfield>
	</datafield>
	<datafield ind1="1" ind2="0" tag="245">
		<subfield code="a">Océan mer :</subfield>
		<subfield code="b">roman /</subfield>
		<subfield code="c">Alessandro Baricco</subfield>
	</datafield>
	<datafield ind1=" " ind2="1" tag="264">
		<subfield code="a">Paris :</subfield>
		<subfield code="b">Albin Michel,</subfield>
		<subfield code="c">1997</subfield>
	</datafield>
	<datafield ind1=" " ind2=" " tag="300">
		<subfield code="a">274 p. ;</subfield>
		<subfield code="c">20 cm</subfield>
	</datafield>
	<datafield ind1=" " ind2=" " tag="336">
		<subfield code="b">txt</subfield>
		<subfield code="2">rdacontent</subfield>
	</datafield>
	<datafield ind1=" " ind2=" " tag="337">
		<subfield code="b">n</subfield>
		<subfield code="2">rdamedia</subfield>
	</datafield>
	<datafield ind1=" " ind2=" " tag="338">
		<subfield code="b">nc</subfield>
		<subfield code="2">rdacarrier</subfield>
	</datafield>
	<datafield ind1=" " ind2=" " tag="339">
		<subfield code="a">docmaintype_book</subfield>
		<subfield code="b">docsubtype_other_book</subfield>
	</datafield>
	<datafield ind1="0" ind2=" " tag="490">
		<subfield code="a">Les Grandes traductions</subfield>
	</datafield>
	<datafield ind1="8" ind2=" " tag="520">
		<subfield code="a">&quot; -Quelquefois je me demande ce que nous sommes en train d'attendre.Silence.-Qu'il soit trop tard, madame. &quot;</subfield>
		<subfield code="9">vdbstl/12.2011</subfield>
	</datafield>
	<datafield ind1=" " ind2=" " tag="900">
		<subfield code="a">noselfmerge</subfield>
	</datafield>
	<datafield ind1=" " ind2=" " tag="904">
		<subfield code="a">jubmdare op84563</subfield>
	</datafield>
	<datafield ind1=" " ind2=" " tag="919">
		<subfield code="a">fiction</subfield>
		<subfield code="2">vschab</subfield>
	</datafield>
	<datafield ind1=" " ind2=" " tag="919">
		<subfield code="a">mer</subfield>
		<subfield code="2">vschab</subfield>
	</datafield>
	<datafield ind1=" " ind2=" " tag="919">
		<subfield code="a">naufrage</subfield>
		<subfield code="2">vschab</subfield>
	</datafield>
	<datafield ind1=" " ind2=" " tag="960">
		<subfield code="a">jubmda</subfield>
	</datafield>
</record>