

<record>
	<leader>01270nam a2200385 a 4500</leader>
	<controlfield tag="001">REROILS:2</controlfield>
	<controlfield tag="003">RERO</controlfield>
	<controlfield tag="005">20200714170200.0</controlfield>
	<controlfield tag="008">110629s2010    gw ||| |  ||||00|  |ger d</controlfield>
	<datafield ind1=" " ind2=" " tag="020">
		<subfield code="a">9783761558034</subfield>
	</datafield>
	<datafield ind1=" " ind2=" " tag="035">
		<subfield code="a">R006089624</subfield>
	</datafield>
	<datafield ind1=" " ind2="7" tag="039">
		<subfield code="b">1030</subfield>
	</datafield>
	<datafield ind1=" " ind2="9" tag="039">
		<subfield code="a">202007141702</subfield>
		<subfield code="b">1215</subfield>
		<subfield code="c">201809011947</subfield>
		<subfield code="d">VLOAD</subfield>
		<subfield code="c">201804101715</subfield>
		<subfield code="d">7951</subfield>
		<subfield code="c">201706110901</subfield>
		<subfield code="d">VLOAD</subfield>
		<subfield code="y">201106291528</subfield>
		<subfield code="z">1030</subfield>
	</datafield>
	<datafield ind1=" " ind2=" " tag="040">
		<subfield code="a">GyFmDB</subfield>
		<subfield code="d">RERO vsbcvs</subfield>
	</datafield>
	<datafield ind1=" " ind2="7" tag="072">
		<subfield code="a">s1td</subfield>
		<subfield code="2">rero</subfield>
	</datafield>
	<datafield ind1="1" ind2=" " tag="100">
		<subfield code="a">Schild, Tabea</subfield>
		<subfield code="4">cre</subfield>
	</datafield>
	<datafield ind1="1" ind2="0" tag="245">
		<subfield code="a">Wettspiele :</subfield>
		<subfield code="b">Spass &amp; Action für kleine und grosse Teams /</subfield>
		<subfield code="c">Tabea und Simon Schild</subfield>
	</datafield>
	<datafield ind1=" " ind2="1" tag="264">
		<subfield code="a">Neukirchen-Vluyn :</subfield>
		<subfield code="b">Neukirchener Aussaat,</subfield>
		<subfield code="c">2010</subfield>
	</datafield>
	<datafield ind1=" " ind2=" " tag="300">
		<subfield code="a">70 S. ;</subfield>
		<subfield code="c">15 cm</subfield>
	</datafield>
	<datafield ind1=" " ind2=" " tag="336">
		<subfield code="b">txt</subfield>
		<subfield code="2">rdacontent</subfield>
	</datafield>
	<datafield ind1=" " ind2=" " tag="337">
		<subfield code="b">n</subfield>
		<subfield code="2">rdamedia</subfield>
	</datafield>
	<datafield ind1=" " ind2=" " tag="338">
		<subfield code="b">nc</subfield>
		<subfield code="2">rdacarrier</subfield>
	</datafield>
	<datafield ind1=" " ind2=" " tag="339">
		<subfield code="a">docmaintype_book</subfield>
		<subfield code="b">docsubtype_other_book</subfield>
	</datafield>
	<datafield ind1="0" ind2=" " tag="490">
		<subfield code="a">Spielend leicht</subfield>
	</datafield>
	<datafield ind1=" " ind2="7" tag="650">
		<subfield code="a">jeu d'opposition</subfield>
		<subfield code="2">rerovoc</subfield>
	</datafield>
	<datafield ind1=" " ind2="7" tag="655">
		<subfield code="a">[Manuels d'enseignement]</subfield>
		<subfield code="2">rero</subfield>
	</datafield>
	<datafield ind1="1" ind2=" " tag="700">
		<subfield code="a">Schild, Simon</subfield>
	</datafield>
	<datafield ind1=" " ind2="1" tag="900">
		<subfield code="a">GyFmDB</subfield>
		<subfield code="b">20110629</subfield>
		<subfield code="c">Droits réservés</subfield>
	</datafield>
	<datafield ind1=" " ind2=" " tag="900">
		<subfield code="a">noselfmerge</subfield>
	</datafield>
	<datafield ind1=" " ind2=" " tag="906">
		<subfield code="a">bcvs</subfield>
		<subfield code="b">2011/07</subfield>
		<subfield code="c">11</subfield>
	</datafield>
	<datafield ind1=" " ind2=" " tag="919">
		<subfield code="a">Gruppenspiel ; Freizeitarbeit ; Beispielsammlung</subfield>
	</datafield>
	<datafield ind1=" " ind2=" " tag="919">
		<subfield code="9">650 _7</subfield>
		<subfield code="a">jeu d'opposition</subfield>
		<subfield code="v">[manuel]</subfield>
		<subfield code="2">chrero</subfield>
	</datafield>
	<datafield ind1=" " ind2=" " tag="973">
		<subfield code="a">vsbcvb</subfield>
	</datafield>
	<datafield ind1=" " ind2=" " tag="986">
		<subfield code="2">cdu-vsbcvb</subfield>
		<subfield code="a">793.7</subfield>
	</datafield>
	<datafield ind1=" " ind2=" " tag="986">
		<subfield code="2">brsw</subfield>
		<subfield code="a">Gruppenspiel ; Freizeitarbeit ; Beispielsammlung</subfield>
	</datafield>
</record>