

<record>
	<leader>01269nam a2200373 a 4500</leader>
	<controlfield tag="001">REROILS:43</controlfield>
	<controlfield tag="003">RERO</controlfield>
	<controlfield tag="005">20190122110100.0</controlfield>
	<controlfield tag="008">110629s2001    bl ||| |  ||||00|  |por d</controlfield>
	<datafield ind1=" " ind2=" " tag="020">
		<subfield code="a">9788570980724</subfield>
	</datafield>
	<datafield ind1="7" ind2=" " tag="024">
		<subfield code="a">http://catalogue.bnf.fr/ark:/12148/cb42468183d</subfield>
		<subfield code="2">uri</subfield>
	</datafield>
	<datafield ind1=" " ind2=" " tag="035">
		<subfield code="a">R006089627</subfield>
	</datafield>
	<datafield ind1=" " ind2="7" tag="039">
		<subfield code="b">9577</subfield>
		<subfield code="b">6303</subfield>
	</datafield>
	<datafield ind1=" " ind2="9" tag="039">
		<subfield code="a">201901221101</subfield>
		<subfield code="b">9577</subfield>
		<subfield code="c">201710121736</subfield>
		<subfield code="d">AUTHORITY</subfield>
		<subfield code="c">201706110901</subfield>
		<subfield code="d">VLOAD</subfield>
		<subfield code="c">201202131807</subfield>
		<subfield code="d">3307</subfield>
		<subfield code="y">201106291529</subfield>
		<subfield code="z">8970</subfield>
	</datafield>
	<datafield ind1=" " ind2=" " tag="040">
		<subfield code="a">RERO lamubo</subfield>
	</datafield>
	<datafield ind1=" " ind2="7" tag="072">
		<subfield code="a">s1bo</subfield>
		<subfield code="2">rero</subfield>
	</datafield>
	<datafield ind1="1" ind2=" " tag="100">
		<subfield code="a">Santos, João Ubiratan Moreira dos</subfield>
		<subfield code="4">cre</subfield>
		<subfield code="0">(IdRef)153235217</subfield>
	</datafield>
	<datafield ind1="1" ind2="2" tag="245">
		<subfield code="a">O gênero 'Aspilia' Thou. ('Asteraceae'-'Heliantheae') no Brasil /</subfield>
		<subfield code="c">João Ubiratan Moreira dos Santos</subfield>
	</datafield>
	<datafield ind1=" " ind2="1" tag="264">
		<subfield code="a">Belém :</subfield>
		<subfield code="b">Museu Paraense Emílio Goeldi,</subfield>
		<subfield code="c">2001</subfield>
	</datafield>
	<datafield ind1=" " ind2=" " tag="300">
		<subfield code="a">301 p. :</subfield>
		<subfield code="b">ill.</subfield>
	</datafield>
	<datafield ind1=" " ind2=" " tag="336">
		<subfield code="b">txt</subfield>
		<subfield code="2">rdacontent</subfield>
	</datafield>
	<datafield ind1=" " ind2=" " tag="337">
		<subfield code="b">n</subfield>
		<subfield code="2">rdamedia</subfield>
	</datafield>
	<datafield ind1=" " ind2=" " tag="338">
		<subfield code="b">nc</subfield>
		<subfield code="2">rdacarrier</subfield>
	</datafield>
	<datafield ind1=" " ind2=" " tag="339">
		<subfield code="a">docmaintype_book</subfield>
		<subfield code="b">docsubtype_other_book</subfield>
	</datafield>
	<datafield ind1=" " ind2="7" tag="650">
		<subfield code="a">Wedelia (Compositae) [Taxonomie]</subfield>
		<subfield code="2">rero</subfield>
	</datafield>
	<datafield ind1=" " ind2="7" tag="651">
		<subfield code="a">Brésil</subfield>
		<subfield code="2">rero</subfield>
		<subfield code="0">(IdRef)02722953X</subfield>
	</datafield>
	<datafield ind1=" " ind2=" " tag="900">
		<subfield code="a">noselfmerge</subfield>
	</datafield>
	<datafield ind1=" " ind2=" " tag="902">
		<subfield code="a">gevcjb</subfield>
		<subfield code="b">2011/08</subfield>
	</datafield>
	<datafield ind1=" " ind2=" " tag="919">
		<subfield code="9">650 _7</subfield>
		<subfield code="a">Wedelia (Compositae)</subfield>
		<subfield code="z">Brésil</subfield>
		<subfield code="2">chrero</subfield>
	</datafield>
	<datafield ind1=" " ind2=" " tag="957">
		<subfield code="a">gevcjb</subfield>
	</datafield>
	<datafield ind1=" " ind2=" " tag="962">
		<subfield code="a">nebpun</subfield>
	</datafield>
	<datafield ind1=" " ind2=" " tag="982">
		<subfield code="2">cdu-gevcjb</subfield>
		<subfield code="a">M2 COMP Wede (81) San</subfield>
	</datafield>
	<datafield ind1=" " ind2=" " tag="992">
		<subfield code="a">BOTA 39108</subfield>
		<subfield code="x">ge/vcjb/e/11/197062</subfield>
	</datafield>
	<datafield ind1=" " ind2=" " tag="994">
		<subfield code="a">BPUN 6Y 349</subfield>
		<subfield code="x">ne/snat/x/2012/332</subfield>
	</datafield>
</record>