

<record>
	<leader>01368nam a2200397 a 4500</leader>
	<controlfield tag="001">REROILS:264</controlfield>
	<controlfield tag="003">RERO</controlfield>
	<controlfield tag="005">20200128120700.0</controlfield>
	<controlfield tag="008">050103s2004    fr |||||| ||||00|  |rus d</controlfield>
	<datafield ind1=" " ind2=" " tag="020">
		<subfield code="a">9782266130653</subfield>
	</datafield>
	<datafield ind1=" " ind2=" " tag="020">
		<subfield code="a">9782266130660</subfield>
	</datafield>
	<datafield ind1=" " ind2=" " tag="035">
		<subfield code="a">R003764126</subfield>
	</datafield>
	<datafield ind1=" " ind2="7" tag="039">
		<subfield code="b">1013</subfield>
	</datafield>
	<datafield ind1=" " ind2="9" tag="039">
		<subfield code="a">202001281207</subfield>
		<subfield code="b">VLOAD</subfield>
		<subfield code="c">201811162348</subfield>
		<subfield code="d">VLOAD</subfield>
		<subfield code="c">201808311149</subfield>
		<subfield code="d">VLOAD</subfield>
		<subfield code="c">201706110628</subfield>
		<subfield code="d">VLOAD</subfield>
		<subfield code="y">200501030931</subfield>
		<subfield code="z">1013</subfield>
	</datafield>
	<datafield ind1=" " ind2=" " tag="040">
		<subfield code="a">RERO vsbcvs</subfield>
	</datafield>
	<datafield ind1="0" ind2=" " tag="041">
		<subfield code="a">fre</subfield>
		<subfield code="a">rus</subfield>
	</datafield>
	<datafield ind1=" " ind2="7" tag="072">
		<subfield code="a">s1ru</subfield>
		<subfield code="2">rero</subfield>
	</datafield>
	<datafield ind1="1" ind2=" " tag="100">
		<subfield code="a">Vaïsser, Lydia</subfield>
		<subfield code="4">cre</subfield>
		<subfield code="0">(IdRef)061061689</subfield>
	</datafield>
	<datafield ind1="1" ind2="3" tag="245">
		<subfield code="a">Le russe tout de suite!</subfield>
		<subfield code="h">[Ensemble multi-supports] /</subfield>
		<subfield code="c">par Lydia Vaïsser et Véronique Meurgues ; avec la participation d'Agnès Chalapoutov</subfield>
	</datafield>
	<datafield ind1=" " ind2=" " tag="250">
		<subfield code="a">Nouv. éd</subfield>
	</datafield>
	<datafield ind1=" " ind2="1" tag="264">
		<subfield code="a">Paris :</subfield>
		<subfield code="b">Pocket,</subfield>
		<subfield code="c">2004</subfield>
	</datafield>
	<datafield ind1=" " ind2=" " tag="300">
		<subfield code="a">160 p., 1 disque compact dans un emboîtage;</subfield>
		<subfield code="c">18 cm</subfield>
	</datafield>
	<datafield ind1=" " ind2=" " tag="339">
		<subfield code="a">docmaintype_book</subfield>
		<subfield code="b">docsubtype_other_book</subfield>
	</datafield>
	<datafield ind1="1" ind2=" " tag="490">
		<subfield code="a">Pocket</subfield>
		<subfield code="v">8581.</subfield>
		<subfield code="a">Langues pour tous</subfield>
	</datafield>
	<datafield ind1=" " ind2="7" tag="650">
		<subfield code="a">Russe (langue)</subfield>
		<subfield code="2">rero</subfield>
	</datafield>
	<datafield ind1=" " ind2="7" tag="650">
		<subfield code="a">Langues vivantes</subfield>
		<subfield code="2">rero</subfield>
	</datafield>
	<datafield ind1=" " ind2="7" tag="655">
		<subfield code="a">[Manuels d'enseignement]</subfield>
		<subfield code="2">rero</subfield>
	</datafield>
	<datafield ind1=" " ind2="7" tag="655">
		<subfield code="a">[Multimédias]</subfield>
		<subfield code="2">rero</subfield>
	</datafield>
	<datafield ind1="1" ind2=" " tag="700">
		<subfield code="a">Meurgues, Véronique</subfield>
	</datafield>
	<datafield ind1="1" ind2=" " tag="700">
		<subfield code="a">Chalapoutov, Agnès</subfield>
		<subfield code="0">(IdRef)061062162</subfield>
	</datafield>
	<datafield ind1=" " ind2="0" tag="830">
		<subfield code="a">Presses pocket</subfield>
		<subfield code="v">8581</subfield>
		<subfield code="w">REROILS:2000066</subfield>
	</datafield>
	<datafield ind1=" " ind2=" " tag="900">
		<subfield code="a">noselfmerge</subfield>
	</datafield>
	<datafield ind1=" " ind2=" " tag="906">
		<subfield code="a">bcvs</subfield>
		<subfield code="b">2005/01</subfield>
		<subfield code="c">14</subfield>
	</datafield>
	<datafield ind1=" " ind2=" " tag="919">
		<subfield code="9">650 _7</subfield>
		<subfield code="a">langue étrangère</subfield>
		<subfield code="x">russe (langue)</subfield>
		<subfield code="v">[manuel]</subfield>
		<subfield code="v">[multimédia]</subfield>
		<subfield code="2">chrero</subfield>
	</datafield>
	<datafield ind1=" " ind2=" " tag="973">
		<subfield code="a">vsbcvs</subfield>
	</datafield>
	<datafield ind1=" " ind2=" " tag="986">
		<subfield code="2">cdu-vsprat</subfield>
		<subfield code="a">808(075)</subfield>
	</datafield>
</record>