

<record>
	<leader>01149naa a2200325 a 4500</leader>
	<controlfield tag="001">REROILS:268</controlfield>
	<controlfield tag="003">RERO</controlfield>
	<controlfield tag="005">20180704124600.0</controlfield>
	<controlfield tag="008">050610s1947    sz ||| |  ||||00|  |fre d</controlfield>
	<datafield ind1=" " ind2=" " tag="035">
		<subfield code="a">R003856720</subfield>
	</datafield>
	<datafield ind1=" " ind2="9" tag="039">
		<subfield code="a">201807041246</subfield>
		<subfield code="b">VLOAD</subfield>
		<subfield code="c">201705190940</subfield>
		<subfield code="d">VLOAD</subfield>
		<subfield code="c">201605141612</subfield>
		<subfield code="d">VLOAD</subfield>
		<subfield code="c">201204211107</subfield>
		<subfield code="d">VLOAD</subfield>
		<subfield code="y">200506101509</subfield>
		<subfield code="z">4912</subfield>
	</datafield>
	<datafield ind1=" " ind2=" " tag="040">
		<subfield code="a">RERO jubicj</subfield>
	</datafield>
	<datafield ind1=" " ind2=" " tag="044">
		<subfield code="a">sz</subfield>
		<subfield code="c">ch-ju</subfield>
	</datafield>
	<datafield ind1=" " ind2="7" tag="072">
		<subfield code="a">s1pe</subfield>
		<subfield code="2">rero</subfield>
	</datafield>
	<datafield ind1="1" ind2=" " tag="100">
		<subfield code="a">Henry, Pierre,</subfield>
		<subfield code="c">linguiste</subfield>
		<subfield code="4">cre</subfield>
	</datafield>
	<datafield ind1="1" ind2="0" tag="245">
		<subfield code="a">Simples notes relatives à l'enseignement de l'histoire du Jura bernois /</subfield>
		<subfield code="c">Pierre Henry</subfield>
	</datafield>
	<datafield ind1=" " ind2="1" tag="264">
		<subfield code="a">[Courtemaîche] :</subfield>
		<subfield code="b">[Assocation des instituteurs [éditeur non identifié],</subfield>
		<subfield code="c">1947</subfield>
	</datafield>
	<datafield ind1=" " ind2=" " tag="336">
		<subfield code="b">txt</subfield>
		<subfield code="2">rdacontent</subfield>
	</datafield>
	<datafield ind1=" " ind2=" " tag="337">
		<subfield code="b">n</subfield>
		<subfield code="2">rdamedia</subfield>
	</datafield>
	<datafield ind1=" " ind2=" " tag="338">
		<subfield code="b">nc</subfield>
		<subfield code="2">rdacarrier</subfield>
	</datafield>
	<datafield ind1=" " ind2=" " tag="339">
		<subfield code="a">docmaintype_article</subfield>
	</datafield>
	<datafield ind1=" " ind2=" " tag="504">
		<subfield code="a">Bibliogr. : p. 30. - In: L'Ami de l'instituteur, 1947, IXe fasc</subfield>
	</datafield>
	<datafield ind1=" " ind2=" " tag="580">
		<subfield code="a">In: L'ami de l'instituteur, fasc. 9(1947), p. 17-30</subfield>
	</datafield>
	<datafield ind1=" " ind2=" " tag="900">
		<subfield code="a">noselfmerge</subfield>
	</datafield>
	<datafield ind1=" " ind2=" " tag="904">
		<subfield code="a">jurassica</subfield>
	</datafield>
	<datafield ind1=" " ind2=" " tag="904">
		<subfield code="a">juaut</subfield>
	</datafield>
	<datafield ind1=" " ind2=" " tag="960">
		<subfield code="a">jubicj</subfield>
	</datafield>
	<datafield ind1=" " ind2=" " tag="984">
		<subfield code="2">jumat</subfield>
		<subfield code="a">enseignement ; histoire : enseignement ; jura bernois i</subfield>
	</datafield>
	<datafield ind1=" " ind2=" " tag="984">
		<subfield code="2">cdu-jubicj</subfield>
		<subfield code="a">94/99</subfield>
	</datafield>
</record>