

<record>
	<leader>01266nam a2200397 a 4500</leader>
	<controlfield tag="001">REROILS:74</controlfield>
	<controlfield tag="003">RERO</controlfield>
	<controlfield tag="005">20191208225000.0</controlfield>
	<controlfield tag="008">881025s1988    ne |||||| ||||00|| |eng d</controlfield>
	<datafield ind1=" " ind2=" " tag="020">
		<subfield code="a">9780444429469</subfield>
	</datafield>
	<datafield ind1=" " ind2=" " tag="035">
		<subfield code="a">1033835</subfield>
	</datafield>
	<datafield ind1=" " ind2="9" tag="039">
		<subfield code="a">201912082250</subfield>
		<subfield code="b">VLOAD</subfield>
		<subfield code="c">201906030913</subfield>
		<subfield code="d">VLOAD</subfield>
		<subfield code="c">201904121413</subfield>
		<subfield code="d">7173</subfield>
		<subfield code="c">201810250956</subfield>
		<subfield code="d">VLOAD</subfield>
		<subfield code="y">1999022810070000</subfield>
		<subfield code="z">load</subfield>
	</datafield>
	<datafield ind1=" " ind2=" " tag="040">
		<subfield code="a">RERO lausst</subfield>
	</datafield>
	<datafield ind1=" " ind2="7" tag="072">
		<subfield code="a">s1st</subfield>
		<subfield code="2">rero</subfield>
	</datafield>
	<datafield ind1="1" ind2=" " tag="100">
		<subfield code="a">Mandl, Georg,</subfield>
		<subfield code="d">1925-</subfield>
		<subfield code="4">cre</subfield>
		<subfield code="0">(IdRef)068867735</subfield>
	</datafield>
	<datafield ind1="1" ind2="0" tag="245">
		<subfield code="a">Mechanics of tectonic faulting :</subfield>
		<subfield code="b">models and basic concepts /</subfield>
		<subfield code="c">G. Mandl</subfield>
	</datafield>
	<datafield ind1=" " ind2="1" tag="264">
		<subfield code="a">Amsterdam ;</subfield>
		<subfield code="a">Oxford [etc.] :</subfield>
		<subfield code="b">Elsevier,</subfield>
		<subfield code="c">1988</subfield>
	</datafield>
	<datafield ind1=" " ind2=" " tag="300">
		<subfield code="a">XIV, 407 p. :</subfield>
		<subfield code="b">ill. ;</subfield>
		<subfield code="c">25 cm</subfield>
	</datafield>
	<datafield ind1=" " ind2=" " tag="336">
		<subfield code="b">txt</subfield>
		<subfield code="2">rdacontent</subfield>
	</datafield>
	<datafield ind1=" " ind2=" " tag="337">
		<subfield code="b">n</subfield>
		<subfield code="2">rdamedia</subfield>
	</datafield>
	<datafield ind1=" " ind2=" " tag="338">
		<subfield code="b">nc</subfield>
		<subfield code="2">rdacarrier</subfield>
	</datafield>
	<datafield ind1=" " ind2=" " tag="339">
		<subfield code="a">docmaintype_book</subfield>
		<subfield code="b">docsubtype_other_book</subfield>
	</datafield>
	<datafield ind1="1" ind2=" " tag="490">
		<subfield code="a">Developments in structural geology</subfield>
		<subfield code="v">1</subfield>
	</datafield>
	<datafield ind1=" " ind2="7" tag="650">
		<subfield code="a">mécanique (physique)</subfield>
		<subfield code="2">rerovoc</subfield>
	</datafield>
	<datafield ind1=" " ind2="7" tag="650">
		<subfield code="a">Tectonique</subfield>
		<subfield code="2">rero</subfield>
	</datafield>
	<datafield ind1=" " ind2="7" tag="650">
		<subfield code="a">Failles (géologie)</subfield>
		<subfield code="2">rero</subfield>
	</datafield>
	<datafield ind1=" " ind2="0" tag="830">
		<subfield code="a">Developments in structural geology</subfield>
		<subfield code="v">1</subfield>
		<subfield code="w">REROILS:2000069</subfield>
	</datafield>
	<datafield ind1=" " ind2=" " tag="900">
		<subfield code="a">noselfmerge</subfield>
	</datafield>
	<datafield ind1=" " ind2=" " tag="906">
		<subfield code="a">muca Fonds John G. Ramsay</subfield>
		<subfield code="b">2015</subfield>
	</datafield>
	<datafield ind1=" " ind2=" " tag="919">
		<subfield code="9">650 _7</subfield>
		<subfield code="a">faille</subfield>
		<subfield code="x">mécanique (physique)</subfield>
		<subfield code="x">tectonique</subfield>
		<subfield code="2">chrero</subfield>
	</datafield>
	<datafield ind1=" " ind2=" " tag="956">
		<subfield code="a">frbcuc</subfield>
	</datafield>
	<datafield ind1=" " ind2=" " tag="957">
		<subfield code="a">geussc</subfield>
	</datafield>
	<datafield ind1=" " ind2=" " tag="962">
		<subfield code="a">neusge</subfield>
	</datafield>
	<datafield ind1=" " ind2=" " tag="973">
		<subfield code="a">vsmuca</subfield>
	</datafield>
	<datafield ind1=" " ind2=" " tag="986">
		<subfield code="2">cdu-vsmuca</subfield>
		<subfield code="a">551.243</subfield>
	</datafield>
</record>