

<record>
	<leader>01245cam a2200397 a 4500</leader>
	<controlfield tag="001">REROILS:211</controlfield>
	<controlfield tag="003">RERO</controlfield>
	<controlfield tag="005">20190121173800.0</controlfield>
	<controlfield tag="008">861013s1984    xxk|||||| ||||00|| |eng d</controlfield>
	<datafield ind1=" " ind2=" " tag="020">
		<subfield code="a">9780140510034</subfield>
	</datafield>
	<datafield ind1=" " ind2=" " tag="035">
		<subfield code="a">0762405</subfield>
	</datafield>
	<datafield ind1=" " ind2="9" tag="039">
		<subfield code="a">201901211738</subfield>
		<subfield code="b">VLOAD</subfield>
		<subfield code="c">201706101400</subfield>
		<subfield code="d">VLOAD</subfield>
		<subfield code="c">200812220837</subfield>
		<subfield code="d">VLOAD</subfield>
		<subfield code="c">200608161446</subfield>
		<subfield code="d">7142</subfield>
		<subfield code="y">1999022803470000</subfield>
		<subfield code="z">load</subfield>
	</datafield>
	<datafield ind1=" " ind2=" " tag="040">
		<subfield code="a">RERO geusbv</subfield>
	</datafield>
	<datafield ind1=" " ind2="7" tag="072">
		<subfield code="a">s1bi</subfield>
		<subfield code="2">rero</subfield>
	</datafield>
	<datafield ind1="1" ind2=" " tag="100">
		<subfield code="a">Abercrombie, Michael</subfield>
		<subfield code="4">cre</subfield>
	</datafield>
	<datafield ind1="1" ind2="4" tag="245">
		<subfield code="a">The Penguin dictionary of biology /</subfield>
		<subfield code="c">M. Abercrombie, C.J. Hickman, and M.L. Johnson</subfield>
	</datafield>
	<datafield ind1=" " ind2=" " tag="250">
		<subfield code="a">7th ed</subfield>
	</datafield>
	<datafield ind1=" " ind2="1" tag="264">
		<subfield code="a">Harmondsworth ;</subfield>
		<subfield code="a">New York :</subfield>
		<subfield code="b">Penguin books,</subfield>
		<subfield code="c">1984</subfield>
	</datafield>
	<datafield ind1=" " ind2=" " tag="300">
		<subfield code="a">323 p. :</subfield>
		<subfield code="b">ill. ;</subfield>
		<subfield code="c">20 cm</subfield>
	</datafield>
	<datafield ind1=" " ind2=" " tag="336">
		<subfield code="b">txt</subfield>
		<subfield code="2">rdacontent</subfield>
	</datafield>
	<datafield ind1=" " ind2=" " tag="337">
		<subfield code="b">n</subfield>
		<subfield code="2">rdamedia</subfield>
	</datafield>
	<datafield ind1=" " ind2=" " tag="338">
		<subfield code="b">nc</subfield>
		<subfield code="2">rdacarrier</subfield>
	</datafield>
	<datafield ind1=" " ind2=" " tag="339">
		<subfield code="a">docmaintype_book</subfield>
		<subfield code="b">docsubtype_other_book</subfield>
	</datafield>
	<datafield ind1="1" ind2=" " tag="490">
		<subfield code="a">Penguin reference</subfield>
	</datafield>
	<datafield ind1=" " ind2="7" tag="650">
		<subfield code="a">Biologie</subfield>
		<subfield code="2">rero</subfield>
	</datafield>
	<datafield ind1=" " ind2="7" tag="655">
		<subfield code="a">[dictionnaire]</subfield>
		<subfield code="2">rerovoc</subfield>
	</datafield>
	<datafield ind1="1" ind2=" " tag="700">
		<subfield code="a">Hickman, C.J</subfield>
		<subfield code="0">(IdRef)121408515</subfield>
	</datafield>
	<datafield ind1="1" ind2=" " tag="700">
		<subfield code="a">Abercrombie, Minnie Louie Johnson</subfield>
		<subfield code="0">(IdRef)12431600X</subfield>
	</datafield>
	<datafield ind1=" " ind2="0" tag="830">
		<subfield code="a">Penguin Reference Books</subfield>
		<subfield code="w">REROILS:2000071</subfield>
	</datafield>
	<datafield ind1=" " ind2=" " tag="900">
		<subfield code="a">noselfmerge</subfield>
	</datafield>
	<datafield ind1=" " ind2=" " tag="919">
		<subfield code="9">650 _7</subfield>
		<subfield code="a">biologie</subfield>
		<subfield code="v">[dictionnaire]</subfield>
		<subfield code="2">chrero</subfield>
	</datafield>
	<datafield ind1=" " ind2=" " tag="957">
		<subfield code="a">geueti</subfield>
	</datafield>
	<datafield ind1=" " ind2=" " tag="982">
		<subfield code="2">eti1</subfield>
		<subfield code="a">574.03</subfield>
	</datafield>
	<datafield ind1=" " ind2=" " tag="982">
		<subfield code="2">eti2</subfield>
		<subfield code="a">574.03 ABE</subfield>
	</datafield>
	<datafield ind1=" " ind2=" " tag="992">
		<subfield code="a">BSBA 123</subfield>
		<subfield code="x">ge/usbv/a/86/98</subfield>
	</datafield>
	<datafield ind1=" " ind2=" " tag="992">
		<subfield code="a">ETIA 4872</subfield>
		<subfield code="x">ge/ueti/a/17182</subfield>
	</datafield>
</record>