

<record>
	<leader>01048nam a2200325 a 4500</leader>
	<controlfield tag="001">REROILS:26</controlfield>
	<controlfield tag="003">RERO</controlfield>
	<controlfield tag="005">20190621113800.0</controlfield>
	<controlfield tag="008">860529s1986    xxu|||||| ||||00|| |eng d</controlfield>
	<datafield ind1=" " ind2=" " tag="020">
		<subfield code="a">9780393953985</subfield>
	</datafield>
	<datafield ind1=" " ind2=" " tag="035">
		<subfield code="a">0716112</subfield>
	</datafield>
	<datafield ind1=" " ind2="9" tag="039">
		<subfield code="a">201906211138</subfield>
		<subfield code="b">7471</subfield>
		<subfield code="c">201808252322</subfield>
		<subfield code="d">VLOAD</subfield>
		<subfield code="c">201707151121</subfield>
		<subfield code="d">VLOAD</subfield>
		<subfield code="c">201706101251</subfield>
		<subfield code="d">VLOAD</subfield>
		<subfield code="y">1999022802420000</subfield>
		<subfield code="z">load</subfield>
	</datafield>
	<datafield ind1=" " ind2=" " tag="040">
		<subfield code="a">RERO geuses</subfield>
	</datafield>
	<datafield ind1=" " ind2="7" tag="072">
		<subfield code="a">s1se</subfield>
		<subfield code="2">rero</subfield>
	</datafield>
	<datafield ind1="1" ind2=" " tag="100">
		<subfield code="a">Hall, Robert Ernest</subfield>
		<subfield code="4">aut</subfield>
		<subfield code="0">(IdRef)031605753</subfield>
	</datafield>
	<datafield ind1="1" ind2="0" tag="245">
		<subfield code="a">Macroeconomics :</subfield>
		<subfield code="b">theory, performance, and policy /</subfield>
		<subfield code="c">Robert E. Hall, John B. Taylor</subfield>
	</datafield>
	<datafield ind1=" " ind2="1" tag="264">
		<subfield code="a">New York ;</subfield>
		<subfield code="a">London :</subfield>
		<subfield code="b">W.W. Norton,</subfield>
		<subfield code="c">[1986]</subfield>
	</datafield>
	<datafield ind1=" " ind2="4" tag="264">
		<subfield code="c">© 1986</subfield>
	</datafield>
	<datafield ind1=" " ind2=" " tag="300">
		<subfield code="a">XX, 534 p. :</subfield>
		<subfield code="b">ill. ;</subfield>
		<subfield code="c">25 cm</subfield>
	</datafield>
	<datafield ind1=" " ind2=" " tag="336">
		<subfield code="b">txt</subfield>
		<subfield code="2">rdacontent</subfield>
	</datafield>
	<datafield ind1=" " ind2=" " tag="337">
		<subfield code="b">n</subfield>
		<subfield code="2">rdamedia</subfield>
	</datafield>
	<datafield ind1=" " ind2=" " tag="338">
		<subfield code="b">nc</subfield>
		<subfield code="2">rdacarrier</subfield>
	</datafield>
	<datafield ind1=" " ind2=" " tag="339">
		<subfield code="a">docmaintype_book</subfield>
		<subfield code="b">docsubtype_other_book</subfield>
	</datafield>
	<datafield ind1=" " ind2="7" tag="650">
		<subfield code="a">Macroéconomie</subfield>
		<subfield code="2">rero</subfield>
	</datafield>
	<datafield ind1=" " ind2="7" tag="655">
		<subfield code="a">[Manuels d'enseignement]</subfield>
		<subfield code="2">rero</subfield>
	</datafield>
	<datafield ind1="1" ind2=" " tag="700">
		<subfield code="a">Taylor, John B.,</subfield>
		<subfield code="c">économiste</subfield>
		<subfield code="4">aut</subfield>
	</datafield>
	<datafield ind1=" " ind2=" " tag="900">
		<subfield code="a">noselfmerge</subfield>
	</datafield>
	<datafield ind1=" " ind2=" " tag="919">
		<subfield code="9">650 _7</subfield>
		<subfield code="a">macroéconomie</subfield>
		<subfield code="v">[manuel]</subfield>
		<subfield code="2">chrero</subfield>
	</datafield>
	<datafield ind1=" " ind2=" " tag="962">
		<subfield code="a">neuses</subfield>
	</datafield>
	<datafield ind1=" " ind2=" " tag="994">
		<subfield code="a">YA1/ 721</subfield>
		<subfield code="x">ne/uses/a/17979</subfield>
	</datafield>
</record>