

<record>
	<leader>02955cam a2200601 a 4500</leader>
	<controlfield tag="001">REROILS:32</controlfield>
	<controlfield tag="003">RERO</controlfield>
	<controlfield tag="005">20180914104500.0</controlfield>
	<controlfield tag="008">101006s2005    mr ||| |  ||||10|  |ara d</controlfield>
	<datafield ind1=" " ind2=" " tag="020">
		<subfield code="a">9789954439579</subfield>
	</datafield>
	<datafield ind1=" " ind2=" " tag="020">
		<subfield code="a">9789954439579</subfield>
	</datafield>
	<datafield ind1=" " ind2=" " tag="035">
		<subfield code="a">R005670326</subfield>
	</datafield>
	<datafield ind1=" " ind2="7" tag="039">
		<subfield code="b">1403</subfield>
	</datafield>
	<datafield ind1=" " ind2="9" tag="039">
		<subfield code="a">201809141045</subfield>
		<subfield code="b">7950</subfield>
		<subfield code="c">201809012023</subfield>
		<subfield code="d">VLOAD</subfield>
		<subfield code="c">201709201639</subfield>
		<subfield code="d">AUTHORITY</subfield>
		<subfield code="c">201709201639</subfield>
		<subfield code="d">7951</subfield>
		<subfield code="y">201010061636</subfield>
		<subfield code="z">1403</subfield>
	</datafield>
	<datafield ind1=" " ind2=" " tag="040">
		<subfield code="a">OSU</subfield>
		<subfield code="d">RERO vsiukb</subfield>
	</datafield>
	<datafield ind1="0" ind2=" " tag="041">
		<subfield code="a">ara</subfield>
		<subfield code="a">fre</subfield>
	</datafield>
	<datafield ind1=" " ind2="4" tag="050">
		<subfield code="a">GE160.M67</subfield>
		<subfield code="b">A43 2005</subfield>
	</datafield>
	<datafield ind1=" " ind2="7" tag="072">
		<subfield code="a">s1ss</subfield>
		<subfield code="2">rero</subfield>
	</datafield>
	<datafield ind1="0" ind2="0" tag="245">
		<subfield code="6">880-01</subfield>
		<subfield code="a">Actes du colloque national sur :</subfield>
		<subfield code="b">l'environnement au Maroc : données historiques et perspectives de développement, le cas de la région du Dra = Aʿmāl al-nadwah al-waṭanīyah ḥawla mawḍūʿ : al-bīʾah bi-al-Maghrib : muʿṭayāt tārīkhīyah wa-āfāq tanmawīyah, manṭiqat Darʿah namūdhaja /</subfield>
		<subfield code="c">ed. et coordonné par Mohammed Hammam ... [et al.]</subfield>
	</datafield>
	<datafield ind1="3" ind2=" " tag="246">
		<subfield code="6">880-02</subfield>
		<subfield code="a">Bīʾah bi-al-Maghrib</subfield>
	</datafield>
	<datafield ind1="3" ind2=" " tag="246">
		<subfield code="a">Aʿmāl al-nadwah al-waṭanīyah ḥawla mawḍūʿ : al-bīʾah bi-al-Maghrib : muʿṭayāt tārīkhīyah wa-āfāq tanmawīyah, manṭiqat Darʿah namūdhajan</subfield>
	</datafield>
	<datafield ind1="3" ind2=" " tag="246">
		<subfield code="a">Environnement au Maroc : données historiques et perspectives de développement, le cas de la région du Dra</subfield>
	</datafield>
	<datafield ind1=" " ind2="1" tag="264">
		<subfield code="6">880-03</subfield>
		<subfield code="a">Rabat :</subfield>
		<subfield code="b">Institut Royal de la Culture Amazighe,</subfield>
		<subfield code="c">2006</subfield>
	</datafield>
	<datafield ind1=" " ind2=" " tag="300">
		<subfield code="a">287, 71 p. :</subfield>
		<subfield code="b">ill.</subfield>
	</datafield>
	<datafield ind1=" " ind2=" " tag="336">
		<subfield code="b">txt</subfield>
		<subfield code="2">rdacontent</subfield>
	</datafield>
	<datafield ind1=" " ind2=" " tag="337">
		<subfield code="b">n</subfield>
		<subfield code="2">rdamedia</subfield>
	</datafield>
	<datafield ind1=" " ind2=" " tag="338">
		<subfield code="b">nc</subfield>
		<subfield code="2">rdacarrier</subfield>
	</datafield>
	<datafield ind1=" " ind2=" " tag="339">
		<subfield code="a">docmaintype_book</subfield>
		<subfield code="b">docsubtype_other_book</subfield>
	</datafield>
	<datafield ind1="1" ind2=" " tag="490">
		<subfield code="a">Colloques et séminaires</subfield>
		<subfield code="v">no 9</subfield>
	</datafield>
	<datafield ind1=" " ind2=" " tag="500">
		<subfield code="a">Texte en tête bêche français arabe</subfield>
	</datafield>
	<datafield ind1=" " ind2=" " tag="504">
		<subfield code="a">Includes bibliographical references.</subfield>
	</datafield>
	<datafield ind1=" " ind2="0" tag="650">
		<subfield code="a">Ecology</subfield>
		<subfield code="z">Morocco</subfield>
		<subfield code="z">Dra Wadi</subfield>
		<subfield code="v">Congresses</subfield>
	</datafield>
	<datafield ind1=" " ind2="0" tag="650">
		<subfield code="a">Environmental policy</subfield>
		<subfield code="z">Morocco</subfield>
		<subfield code="v">Congresses</subfield>
	</datafield>
	<datafield ind1=" " ind2="0" tag="650">
		<subfield code="a">Forests and forestry</subfield>
		<subfield code="z">Morocco</subfield>
		<subfield code="z">Dra Wadi</subfield>
		<subfield code="x">History</subfield>
		<subfield code="v">Congresses</subfield>
	</datafield>
	<datafield ind1=" " ind2="7" tag="650">
		<subfield code="a">Environnement</subfield>
		<subfield code="2">rero</subfield>
	</datafield>
	<datafield ind1=" " ind2="7" tag="650">
		<subfield code="a">Protection</subfield>
		<subfield code="2">rero</subfield>
	</datafield>
	<datafield ind1=" " ind2="0" tag="651">
		<subfield code="a">Dra Wadi (Morocco)</subfield>
		<subfield code="x">Environmental conditions</subfield>
		<subfield code="v">Congresses</subfield>
	</datafield>
	<datafield ind1=" " ind2="0" tag="651">
		<subfield code="a">Morocco</subfield>
		<subfield code="x">Environmental conditions</subfield>
		<subfield code="v">Congresses</subfield>
	</datafield>
	<datafield ind1=" " ind2="7" tag="651">
		<subfield code="a">Maroc</subfield>
		<subfield code="2">rero</subfield>
		<subfield code="0">(IdRef)027263711</subfield>
	</datafield>
	<datafield ind1=" " ind2="7" tag="655">
		<subfield code="a">[Actes de congrès]</subfield>
		<subfield code="2">rero</subfield>
	</datafield>
	<datafield ind1="1" ind2=" " tag="700">
		<subfield code="6">880-04</subfield>
		<subfield code="a">Ḥumām, Muḥammad,</subfield>
		<subfield code="d">1968-</subfield>
		<subfield code="0">(IdRef)066861322</subfield>
	</datafield>
	<datafield ind1=" " ind2="0" tag="830">
		<subfield code="a">Colloques et séminaires</subfield>
		<subfield code="v">9</subfield>
	</datafield>
	<datafield ind1="0" ind2="0" tag="880">
		<subfield code="6">245-01/(3/r</subfield>
		<subfield code="a">أعمال الندوة الوطنية حول موضوع :</subfield>
		<subfield code="b">البيئة بالمغرب : معطيات تاريخية وآفاق تنموية، منطقة درعة نموذجا /</subfield>
		<subfield code="c">اعتنى بتنسيقه ونشره محمد حمام... [et al.]</subfield>
	</datafield>
	<datafield ind1="1" ind2=" " tag="880">
		<subfield code="6">700-04/(3/r</subfield>
		<subfield code="a">حمام، محمد،</subfield>
		<subfield code="d">1968-</subfield>
	</datafield>
	<datafield ind1="3" ind2=" " tag="880">
		<subfield code="6">246-02/(3/r</subfield>
		<subfield code="a">بيئة بالمغرب</subfield>
	</datafield>
	<datafield ind1=" " ind2="1" tag="880">
		<subfield code="6">264-03/(3/r</subfield>
		<subfield code="a">الرباط :</subfield>
		<subfield code="b">المعهد الملكي للثقافة الأمازيغية،</subfield>
		<subfield code="c">[2006]</subfield>
	</datafield>
	<datafield ind1=" " ind2=" " tag="900">
		<subfield code="a">noselfmerge</subfield>
	</datafield>
	<datafield ind1=" " ind2=" " tag="906">
		<subfield code="a">iukb</subfield>
		<subfield code="b">2010/10</subfield>
		<subfield code="c">07</subfield>
	</datafield>
	<datafield ind1=" " ind2=" " tag="919">
		<subfield code="9">650 _7</subfield>
		<subfield code="a">environnement - protection</subfield>
		<subfield code="z">Maroc</subfield>
		<subfield code="v">[congrès]</subfield>
		<subfield code="2">chrero</subfield>
	</datafield>
	<datafield ind1=" " ind2=" " tag="973">
		<subfield code="a">vsiukb</subfield>
	</datafield>
	<datafield ind1=" " ind2=" " tag="986">
		<subfield code="2">iukb</subfield>
		<subfield code="a">UER - Tourisme</subfield>
	</datafield>
	<datafield ind1=" " ind2=" " tag="986">
		<subfield code="2">cdu-vsiukb</subfield>
		<subfield code="a">502.15(64)</subfield>
	</datafield>
</record>