

<record>
	<leader>00875naa a22002537a 4500</leader>
	<controlfield tag="001">REROILS:172</controlfield>
	<controlfield tag="003">RERO</controlfield>
	<controlfield tag="005">20170518124400.0</controlfield>
	<controlfield tag="008">980412s1966    fr ||| |  ||||00|  0fre d</controlfield>
	<datafield ind1=" " ind2=" " tag="035">
		<subfield code="a">R003434423</subfield>
	</datafield>
	<datafield ind1=" " ind2="9" tag="039">
		<subfield code="a">201705181244</subfield>
		<subfield code="b">VLOAD</subfield>
		<subfield code="c">201112192124</subfield>
		<subfield code="d">VLOAD</subfield>
		<subfield code="c">200812221429</subfield>
		<subfield code="d">VLOAD</subfield>
		<subfield code="y">200506232242</subfield>
		<subfield code="z">VLOAD</subfield>
	</datafield>
	<datafield ind1=" " ind2=" " tag="040">
		<subfield code="a">RERO gewcc-</subfield>
	</datafield>
	<datafield ind1=" " ind2="7" tag="072">
		<subfield code="a">s1th</subfield>
		<subfield code="2">rero</subfield>
	</datafield>
	<datafield ind1="0" ind2="0" tag="245">
		<subfield code="a">Rencontre des trois monothéismes</subfield>
	</datafield>
	<datafield ind1=" " ind2="1" tag="264">
		<subfield code="a">Paris :</subfield>
		<subfield code="b">Cercle Saint Jean-Baptiste,</subfield>
		<subfield code="c">1966</subfield>
	</datafield>
	<datafield ind1=" " ind2=" " tag="300">
		<subfield code="a">55 p. ;</subfield>
		<subfield code="c">21 cm</subfield>
	</datafield>
	<datafield ind1=" " ind2=" " tag="336">
		<subfield code="b">txt</subfield>
		<subfield code="2">rdacontent</subfield>
	</datafield>
	<datafield ind1=" " ind2=" " tag="337">
		<subfield code="b">n</subfield>
		<subfield code="2">rdamedia</subfield>
	</datafield>
	<datafield ind1=" " ind2=" " tag="338">
		<subfield code="b">nc</subfield>
		<subfield code="2">rdacarrier</subfield>
	</datafield>
	<datafield ind1=" " ind2=" " tag="339">
		<subfield code="a">docmaintype_article</subfield>
	</datafield>
	<datafield ind1=" " ind2=" " tag="580">
		<subfield code="a">In: Bulletin Saint Jean-Baptiste ; tome VI (juin-juill. 1966) no. 8, p. 349-444</subfield>
	</datafield>
	<datafield ind1="1" ind2=" " tag="773">
		<subfield code="t">Bulletin Saint Jean-Baptiste</subfield>
		<subfield code="g">tome VI (juin-juill. 1966) no. 8, p. 349-444</subfield>
		<subfield code="w">REROILS:2000072</subfield>
	</datafield>
	<datafield ind1=" " ind2=" " tag="957">
		<subfield code="a">gewcc-</subfield>
	</datafield>
	<datafield ind1=" " ind2=" " tag="982">
		<subfield code="2">wccsh</subfield>
		<subfield code="a">Christianity and other religions</subfield>
		<subfield code="e">[LCSH]</subfield>
	</datafield>
</record>