

<record>
	<leader>01397nas a2200433 a 4500</leader>
	<controlfield tag="001">REROILS:229</controlfield>
	<controlfield tag="003">RERO</controlfield>
	<controlfield tag="005">20190328114200.0</controlfield>
	<controlfield tag="008">970618d19952019fr |||p|  ||||0 |  0fre d</controlfield>
	<datafield ind1=" " ind2=" " tag="022">
		<subfield code="a">1269-0732</subfield>
	</datafield>
	<datafield ind1=" " ind2=" " tag="035">
		<subfield code="a">R215832460</subfield>
	</datafield>
	<datafield ind1=" " ind2=" " tag="039">
		<subfield code="b">1001</subfield>
		<subfield code="b">3313</subfield>
		<subfield code="b">1000</subfield>
		<subfield code="b">8041i</subfield>
		<subfield code="b">6007</subfield>
		<subfield code="b">6023</subfield>
	</datafield>
	<datafield ind1=" " ind2="9" tag="039">
		<subfield code="a">201903281142</subfield>
		<subfield code="b">0056</subfield>
		<subfield code="c">201811161855</subfield>
		<subfield code="d">VLOAD</subfield>
		<subfield code="c">201706101908</subfield>
		<subfield code="d">VLOAD</subfield>
		<subfield code="c">201703220925</subfield>
		<subfield code="d">1548</subfield>
		<subfield code="y">1999030118250000</subfield>
		<subfield code="z">load0010</subfield>
	</datafield>
	<datafield ind1=" " ind2=" " tag="040">
		<subfield code="a">RERO vsbcvs</subfield>
	</datafield>
	<datafield ind1=" " ind2="7" tag="072">
		<subfield code="a">s1fr</subfield>
		<subfield code="2">rero</subfield>
	</datafield>
	<datafield ind1="0" ind2=" " tag="130">
		<subfield code="a">Conférence.</subfield>
		<subfield code="g">Meaux.</subfield>
		<subfield code="f">1995-2019</subfield>
	</datafield>
	<datafield ind1="0" ind2="0" tag="245">
		<subfield code="a">Conférence :</subfield>
		<subfield code="b">[revue semestrielle]</subfield>
	</datafield>
	<datafield ind1="3" ind2=" " tag="246">
		<subfield code="a">Conférence</subfield>
	</datafield>
	<datafield ind1=" " ind2="1" tag="264">
		<subfield code="a">Meaux :</subfield>
		<subfield code="b">Conférence</subfield>
	</datafield>
	<datafield ind1=" " ind2=" " tag="336">
		<subfield code="b">txt</subfield>
		<subfield code="2">rdacontent</subfield>
	</datafield>
	<datafield ind1=" " ind2=" " tag="337">
		<subfield code="b">n</subfield>
		<subfield code="2">rdamedia</subfield>
	</datafield>
	<datafield ind1=" " ind2=" " tag="338">
		<subfield code="b">nc</subfield>
		<subfield code="2">rdacarrier</subfield>
	</datafield>
	<datafield ind1=" " ind2=" " tag="339">
		<subfield code="a">docmaintype_serial</subfield>
	</datafield>
	<datafield ind1="0" ind2=" " tag="362">
		<subfield code="a">No 1(automne 1995)-no 47(hiver 2018/printemps 2019)</subfield>
	</datafield>
	<datafield ind1="8" ind2=" " tag="520">
		<subfield code="a">Avec de nombreuses contributions [ poèmes et proses] d'écrivains vaudois</subfield>
		<subfield code="9">labcur/bs/08.2011</subfield>
	</datafield>
	<datafield ind1=" " ind2="7" tag="650">
		<subfield code="a">Art</subfield>
		<subfield code="2">rero</subfield>
	</datafield>
	<datafield ind1=" " ind2="7" tag="650">
		<subfield code="a">Littérature</subfield>
		<subfield code="2">rero</subfield>
	</datafield>
	<datafield ind1=" " ind2="7" tag="650">
		<subfield code="a">Poésie</subfield>
		<subfield code="2">rero</subfield>
	</datafield>
	<datafield ind1=" " ind2="7" tag="655">
		<subfield code="a">[Périodiques]</subfield>
		<subfield code="2">rero</subfield>
	</datafield>
	<datafield ind1=" " ind2=" " tag="900">
		<subfield code="a">noselfmerge</subfield>
	</datafield>
	<datafield ind1=" " ind2=" " tag="919">
		<subfield code="9">650 _7</subfield>
		<subfield code="a">art</subfield>
		<subfield code="v">[périodique]</subfield>
		<subfield code="2">chrero</subfield>
	</datafield>
	<datafield ind1=" " ind2=" " tag="919">
		<subfield code="9">650 _7</subfield>
		<subfield code="a">littérature</subfield>
		<subfield code="v">[périodique]</subfield>
		<subfield code="2">chrero</subfield>
	</datafield>
	<datafield ind1=" " ind2=" " tag="919">
		<subfield code="9">650 _7</subfield>
		<subfield code="a">poésie</subfield>
		<subfield code="v">[périodique]</subfield>
		<subfield code="2">chrero</subfield>
	</datafield>
	<datafield ind1=" " ind2=" " tag="956">
		<subfield code="a">frbcuc</subfield>
	</datafield>
	<datafield ind1=" " ind2=" " tag="957">
		<subfield code="a">gevbge</subfield>
	</datafield>
	<datafield ind1=" " ind2=" " tag="962">
		<subfield code="a">nebpun</subfield>
	</datafield>
	<datafield ind1=" " ind2=" " tag="973">
		<subfield code="a">vsbcvs vsbasm</subfield>
	</datafield>
	<datafield ind1=" " ind2=" " tag="992">
		<subfield code="a">BGE RB 2594</subfield>
		<subfield code="x">ge/vbge/a/97/5634</subfield>
	</datafield>
	<datafield ind1=" " ind2=" " tag="994">
		<subfield code="a">PU 902</subfield>
		<subfield code="x">ne/bpun/a</subfield>
	</datafield>
</record>