

<record>
	<leader>01452nam a2200421 a 4500</leader>
	<controlfield tag="001">REROILS:99</controlfield>
	<controlfield tag="003">RERO</controlfield>
	<controlfield tag="005">20180825101300.0</controlfield>
	<controlfield tag="008">001222s1954    sz ||| |  ||||00|| |ger d</controlfield>
	<datafield ind1="7" ind2=" " tag="024">
		<subfield code="a">http://catalogue.bnf.fr/ark:/12148/cb317990164</subfield>
		<subfield code="2">uri</subfield>
	</datafield>
	<datafield ind1=" " ind2=" " tag="035">
		<subfield code="a">0781679</subfield>
	</datafield>
	<datafield ind1=" " ind2=" " tag="039">
		<subfield code="b">4203c</subfield>
	</datafield>
	<datafield ind1=" " ind2="9" tag="039">
		<subfield code="a">201808251013</subfield>
		<subfield code="b">VLOAD</subfield>
		<subfield code="c">201807011508</subfield>
		<subfield code="d">VLOAD</subfield>
		<subfield code="c">201706101431</subfield>
		<subfield code="d">VLOAD</subfield>
		<subfield code="c">201704041123</subfield>
		<subfield code="d">VLOAD</subfield>
		<subfield code="y">1999022804140000</subfield>
		<subfield code="z">load</subfield>
	</datafield>
	<datafield ind1=" " ind2=" " tag="040">
		<subfield code="a">RERO lausbi</subfield>
	</datafield>
	<datafield ind1=" " ind2=" " tag="044">
		<subfield code="a">sz</subfield>
		<subfield code="c">ch-zh</subfield>
	</datafield>
	<datafield ind1=" " ind2="7" tag="072">
		<subfield code="a">s1in</subfield>
		<subfield code="2">rero</subfield>
	</datafield>
	<datafield ind1=" " ind2="7" tag="072">
		<subfield code="a">s2py</subfield>
		<subfield code="2">rero</subfield>
	</datafield>
	<datafield ind1="1" ind2=" " tag="100">
		<subfield code="a">Bergmann, Ludwig</subfield>
		<subfield code="4">cre</subfield>
		<subfield code="0">(IdRef)033053413</subfield>
	</datafield>
	<datafield ind1="1" ind2="4" tag="245">
		<subfield code="a">Der Ultraschall und seine Anwendung in Wissenschaft und Technik /</subfield>
		<subfield code="c">Ludwig Bergmann</subfield>
	</datafield>
	<datafield ind1=" " ind2=" " tag="250">
		<subfield code="a">6. völlig überarb. und erw. Aufl</subfield>
	</datafield>
	<datafield ind1=" " ind2="1" tag="264">
		<subfield code="a">Zürich :</subfield>
		<subfield code="b">S. Hirzel,</subfield>
		<subfield code="c">1954</subfield>
	</datafield>
	<datafield ind1=" " ind2=" " tag="300">
		<subfield code="a">XVI, 1114 p. :</subfield>
		<subfield code="b">ill. ;</subfield>
		<subfield code="c">23 cm +</subfield>
		<subfield code="e">Nachtrag zum Litteraturverzeichnis, 1957</subfield>
	</datafield>
	<datafield ind1=" " ind2=" " tag="336">
		<subfield code="b">txt</subfield>
		<subfield code="2">rdacontent</subfield>
	</datafield>
	<datafield ind1=" " ind2=" " tag="337">
		<subfield code="b">n</subfield>
		<subfield code="2">rdamedia</subfield>
	</datafield>
	<datafield ind1=" " ind2=" " tag="338">
		<subfield code="b">nc</subfield>
		<subfield code="2">rdacarrier</subfield>
	</datafield>
	<datafield ind1=" " ind2=" " tag="339">
		<subfield code="a">docmaintype_book</subfield>
		<subfield code="b">docsubtype_other_book</subfield>
	</datafield>
	<datafield ind1=" " ind2=" " tag="504">
		<subfield code="a">Bibliogr.: p. 968-1088</subfield>
	</datafield>
	<datafield ind1=" " ind2="7" tag="650">
		<subfield code="a">Ultrasons</subfield>
		<subfield code="2">rero</subfield>
	</datafield>
	<datafield ind1=" " ind2=" " tag="900">
		<subfield code="a">noselfmerge</subfield>
	</datafield>
	<datafield ind1=" " ind2=" " tag="902">
		<subfield code="a">geussp</subfield>
		<subfield code="b">2002/10</subfield>
	</datafield>
	<datafield ind1=" " ind2=" " tag="919">
		<subfield code="9">650 _7</subfield>
		<subfield code="a">ultrason</subfield>
		<subfield code="2">chrero</subfield>
	</datafield>
	<datafield ind1=" " ind2=" " tag="957">
		<subfield code="a">geudbu</subfield>
	</datafield>
	<datafield ind1=" " ind2=" " tag="962">
		<subfield code="a">neusph</subfield>
	</datafield>
	<datafield ind1=" " ind2=" " tag="982">
		<subfield code="2">cdu-sys-geussc</subfield>
		<subfield code="a">534</subfield>
	</datafield>
	<datafield ind1=" " ind2=" " tag="992">
		<subfield code="a">PHYA 5120</subfield>
		<subfield code="x">ge/ussp/a/610</subfield>
	</datafield>
	<datafield ind1=" " ind2=" " tag="992">
		<subfield code="a">DBUA 5570</subfield>
		<subfield code="x">ge/udbu/d</subfield>
	</datafield>
	<datafield ind1=" " ind2=" " tag="994">
		<subfield code="a">De 5-De 6</subfield>
		<subfield code="x">ne/usph/w</subfield>
	</datafield>
</record>