

<record>
	<leader>00962nim a22003137a 4500</leader>
	<controlfield tag="001">REROILS:287</controlfield>
	<controlfield tag="003">RERO</controlfield>
	<controlfield tag="005">20200123003200.0</controlfield>
	<controlfield tag="007">s|</controlfield>
	<controlfield tag="008">080118s2006    fr ||| |  ||||  |  |fre d</controlfield>
	<datafield ind1=" " ind2=" " tag="020">
		<subfield code="a">9782952152891</subfield>
	</datafield>
	<datafield ind1=" " ind2=" " tag="035">
		<subfield code="a">R004631211</subfield>
	</datafield>
	<datafield ind1=" " ind2="9" tag="039">
		<subfield code="a">202001230032</subfield>
		<subfield code="b">VLOAD</subfield>
		<subfield code="c">201911190915</subfield>
		<subfield code="d">AUTHORITY</subfield>
		<subfield code="c">201806191716</subfield>
		<subfield code="d">VLOAD</subfield>
		<subfield code="c">201705191741</subfield>
		<subfield code="d">VLOAD</subfield>
		<subfield code="y">200801181703</subfield>
		<subfield code="z">1026</subfield>
	</datafield>
	<datafield ind1=" " ind2=" " tag="040">
		<subfield code="a">RERO vsbcvs</subfield>
	</datafield>
	<datafield ind1=" " ind2="7" tag="072">
		<subfield code="a">s1fr</subfield>
		<subfield code="2">rero</subfield>
	</datafield>
	<datafield ind1="1" ind2=" " tag="100">
		<subfield code="a">Besson, Philippe,</subfield>
		<subfield code="d">1967-</subfield>
		<subfield code="4">cre</subfield>
	</datafield>
	<datafield ind1="1" ind2="2" tag="245">
		<subfield code="a">L'enfant d'octobre /</subfield>
		<subfield code="c">Philippe Besson</subfield>
	</datafield>
	<datafield ind1=" " ind2="1" tag="264">
		<subfield code="a">Paris :</subfield>
		<subfield code="b">Lire dans le noir,</subfield>
		<subfield code="c">[dépôt légal 2006]</subfield>
	</datafield>
	<datafield ind1=" " ind2=" " tag="300">
		<subfield code="a">4 disques compacts en un coffret (4 h.)</subfield>
	</datafield>
	<datafield ind1=" " ind2=" " tag="336">
		<subfield code="b">spw</subfield>
		<subfield code="2">rdacontent</subfield>
	</datafield>
	<datafield ind1=" " ind2=" " tag="337">
		<subfield code="b">s</subfield>
		<subfield code="2">rdamedia</subfield>
	</datafield>
	<datafield ind1=" " ind2=" " tag="338">
		<subfield code="b">sd</subfield>
		<subfield code="2">rdacarrier</subfield>
	</datafield>
	<datafield ind1=" " ind2=" " tag="339">
		<subfield code="a">docmaintype_audio</subfield>
		<subfield code="b">docsubtype_recorded_words</subfield>
	</datafield>
	<datafield ind1=" " ind2=" " tag="500">
		<subfield code="a">La couv. porte: Philippe Besson lit l'intégralité de son roman</subfield>
	</datafield>
	<datafield ind1=" " ind2=" " tag="900">
		<subfield code="a">noselfmerge</subfield>
	</datafield>
	<datafield ind1=" " ind2=" " tag="906">
		<subfield code="a">mavs2</subfield>
	</datafield>
	<datafield ind1=" " ind2=" " tag="906">
		<subfield code="a">bcvs</subfield>
		<subfield code="b">2008/01</subfield>
		<subfield code="c">15</subfield>
	</datafield>
	<datafield ind1=" " ind2=" " tag="973">
		<subfield code="a">vsbcvs</subfield>
	</datafield>
	<datafield ind1=" " ind2=" " tag="986">
		<subfield code="2">cdu-vsprat</subfield>
		<subfield code="a">83 BESS</subfield>
	</datafield>
</record>