

<record>
	<leader>01686nam a2200445 a 4500</leader>
	<controlfield tag="001">REROILS:11</controlfield>
	<controlfield tag="003">RERO</controlfield>
	<controlfield tag="005">20200712100600.0</controlfield>
	<controlfield tag="008">860807s1986    au |||||| ||||00|| |ger d</controlfield>
	<datafield ind1=" " ind2=" " tag="020">
		<subfield code="a">9783201012829</subfield>
	</datafield>
	<datafield ind1="7" ind2=" " tag="024">
		<subfield code="a">http://catalogue.bnf.fr/ark:/12148/cb34942797x</subfield>
		<subfield code="2">uri</subfield>
	</datafield>
	<datafield ind1=" " ind2=" " tag="035">
		<subfield code="a">0738531</subfield>
	</datafield>
	<datafield ind1=" " ind2="9" tag="039">
		<subfield code="a">202007121006</subfield>
		<subfield code="b">VLOAD</subfield>
		<subfield code="c">201706101326</subfield>
		<subfield code="d">VLOAD</subfield>
		<subfield code="c">200812220830</subfield>
		<subfield code="d">VLOAD</subfield>
		<subfield code="c">200812211537</subfield>
		<subfield code="d">VLOAD</subfield>
		<subfield code="y">1999022803130000</subfield>
		<subfield code="z">load</subfield>
	</datafield>
	<datafield ind1=" " ind2=" " tag="040">
		<subfield code="a">RERO geulal</subfield>
	</datafield>
	<datafield ind1=" " ind2="7" tag="072">
		<subfield code="a">s1al</subfield>
		<subfield code="2">rero</subfield>
	</datafield>
	<datafield ind1="0" ind2="4" tag="245">
		<subfield code="a">Die österreichische Literatur :</subfield>
		<subfield code="b">ihr Profil von den Anfängen im Mittelalter bis ins 18. Jahrhundert (1050-1750) /</subfield>
		<subfield code="c">unter Mitwirk. von Fritz Peter Knapp (Mittelalter) hrsg. von Herbert Zeman</subfield>
	</datafield>
	<datafield ind1=" " ind2="1" tag="264">
		<subfield code="a">Graz :</subfield>
		<subfield code="b">Akademische Druck- und Verlagsanstalt,</subfield>
		<subfield code="c">1986</subfield>
	</datafield>
	<datafield ind1=" " ind2=" " tag="300">
		<subfield code="a">2 t. (XI, 1437 p.) :</subfield>
		<subfield code="b">ill. ;</subfield>
		<subfield code="c">28 cm</subfield>
	</datafield>
	<datafield ind1=" " ind2=" " tag="336">
		<subfield code="b">txt</subfield>
		<subfield code="2">rdacontent</subfield>
	</datafield>
	<datafield ind1=" " ind2=" " tag="337">
		<subfield code="b">n</subfield>
		<subfield code="2">rdamedia</subfield>
	</datafield>
	<datafield ind1=" " ind2=" " tag="338">
		<subfield code="b">nc</subfield>
		<subfield code="2">rdacarrier</subfield>
	</datafield>
	<datafield ind1=" " ind2=" " tag="339">
		<subfield code="a">docmaintype_book</subfield>
		<subfield code="b">docsubtype_other_book</subfield>
	</datafield>
	<datafield ind1="1" ind2=" " tag="490">
		<subfield code="a">Die österreichische Literatur</subfield>
	</datafield>
	<datafield ind1=" " ind2="7" tag="650">
		<subfield code="a">Littérature autrichienne</subfield>
		<subfield code="2">rero</subfield>
	</datafield>
	<datafield ind1=" " ind2="7" tag="650">
		<subfield code="a">1050-1750</subfield>
		<subfield code="2">rero</subfield>
	</datafield>
	<datafield ind1=" " ind2="7" tag="655">
		<subfield code="a">[Études diverses]</subfield>
		<subfield code="2">rero</subfield>
	</datafield>
	<datafield ind1="1" ind2=" " tag="700">
		<subfield code="a">Knapp, Fritz Peter</subfield>
		<subfield code="0">(IdRef)029100291</subfield>
	</datafield>
	<datafield ind1="1" ind2=" " tag="700">
		<subfield code="a">Zeman, Herbert</subfield>
		<subfield code="0">(IdRef)028432266</subfield>
	</datafield>
	<datafield ind1=" " ind2="4" tag="830">
		<subfield code="a">Die österreichische Literatur : eine Dokumentation ihrer literarhistorischen Entwicklung</subfield>
		<subfield code="w">REROILS:2000073</subfield>
	</datafield>
	<datafield ind1=" " ind2=" " tag="900">
		<subfield code="a">noselfmerge</subfield>
	</datafield>
	<datafield ind1=" " ind2=" " tag="919">
		<subfield code="9">650 _7</subfield>
		<subfield code="a">littérature autrichienne</subfield>
		<subfield code="y">1050 / 1750</subfield>
		<subfield code="v">[études diverses]</subfield>
		<subfield code="2">chrero</subfield>
	</datafield>
	<datafield ind1=" " ind2=" " tag="956">
		<subfield code="a">frbcuc</subfield>
	</datafield>
	<datafield ind1=" " ind2=" " tag="957">
		<subfield code="a">geulal</subfield>
	</datafield>
	<datafield ind1=" " ind2=" " tag="962">
		<subfield code="a">nebpun neubfl</subfield>
	</datafield>
	<datafield ind1=" " ind2=" " tag="982">
		<subfield code="2">ge-ulal</subfield>
		<subfield code="a">G-LIT-G*Oes l</subfield>
	</datafield>
	<datafield ind1=" " ind2=" " tag="992">
		<subfield code="a">BFLB 2554</subfield>
		<subfield code="x">ge/ulal/a/86/557</subfield>
	</datafield>
	<datafield ind1=" " ind2=" " tag="994">
		<subfield code="a">NP FG 328/2</subfield>
		<subfield code="x">ne/bpun/a/1991/1083</subfield>
	</datafield>
	<datafield ind1=" " ind2=" " tag="994">
		<subfield code="a">NP FG 328/1</subfield>
		<subfield code="x">ne/bpun/a/1991/1083</subfield>
	</datafield>
	<datafield ind1=" " ind2=" " tag="994">
		<subfield code="a">NELB 2090</subfield>
		<subfield code="x">ne/ubfl/a</subfield>
	</datafield>
</record>