

<record>
	<leader>01197ccm a2200361 a 4500</leader>
	<controlfield tag="001">REROILS:46</controlfield>
	<controlfield tag="003">RERO</controlfield>
	<controlfield tag="005">20200629024800.0</controlfield>
	<controlfield tag="008">970222s1899    gw |||||| ||||  |  |und d</controlfield>
	<datafield ind1="3" ind2="2" tag="028">
		<subfield code="a">EP 2305</subfield>
	</datafield>
	<datafield ind1="2" ind2="2" tag="028">
		<subfield code="a">8551</subfield>
	</datafield>
	<datafield ind1=" " ind2=" " tag="035">
		<subfield code="a">0148245</subfield>
	</datafield>
	<datafield ind1=" " ind2="9" tag="039">
		<subfield code="a">202006290248</subfield>
		<subfield code="b">VLOAD</subfield>
		<subfield code="c">201705151438</subfield>
		<subfield code="d">VLOAD</subfield>
		<subfield code="c">201703271628</subfield>
		<subfield code="d">VLOAD</subfield>
		<subfield code="c">201605131557</subfield>
		<subfield code="d">VLOAD</subfield>
		<subfield code="y">1999022713470000</subfield>
		<subfield code="z">load</subfield>
	</datafield>
	<datafield ind1=" " ind2=" " tag="040">
		<subfield code="a">RERO</subfield>
	</datafield>
	<datafield ind1=" " ind2="7" tag="072">
		<subfield code="a">s1mu</subfield>
		<subfield code="2">rero</subfield>
	</datafield>
	<datafield ind1="1" ind2=" " tag="100">
		<subfield code="a">Schumann, Robert,</subfield>
		<subfield code="d">1810-1856</subfield>
		<subfield code="4">cre</subfield>
		<subfield code="0">(IdRef)027128660</subfield>
	</datafield>
	<datafield ind1="1" ind2="0" tag="245">
		<subfield code="a">Waldszenen</subfield>
		<subfield code="b">und Romanzen : für Klavier zu 2 Händen : op. 82 u. 28 /</subfield>
		<subfield code="c">von Robert Schumann</subfield>
	</datafield>
	<datafield ind1=" " ind2=" " tag="250">
		<subfield code="a">Neu revidiert /</subfield>
		<subfield code="b">von Adolf Ruthardt</subfield>
	</datafield>
	<datafield ind1=" " ind2="1" tag="264">
		<subfield code="a">Leipzig :</subfield>
		<subfield code="b">C.F. Peters,</subfield>
		<subfield code="c">[ca 1899]</subfield>
	</datafield>
	<datafield ind1=" " ind2=" " tag="300">
		<subfield code="a">1 PARTITION (47 p.) ;</subfield>
		<subfield code="c">30 cm</subfield>
	</datafield>
	<datafield ind1=" " ind2=" " tag="336">
		<subfield code="b">ntm</subfield>
		<subfield code="2">rdacontent</subfield>
	</datafield>
	<datafield ind1=" " ind2=" " tag="337">
		<subfield code="b">n</subfield>
		<subfield code="2">rdamedia</subfield>
	</datafield>
	<datafield ind1=" " ind2=" " tag="338">
		<subfield code="b">nc</subfield>
		<subfield code="2">rdacarrier</subfield>
	</datafield>
	<datafield ind1=" " ind2=" " tag="339">
		<subfield code="a">docmaintype_score</subfield>
		<subfield code="b">docsubtype_printed_score</subfield>
	</datafield>
	<datafield ind1="1" ind2=" " tag="700">
		<subfield code="a">Ruthardt, Adolf,</subfield>
		<subfield code="d">1849-1934</subfield>
	</datafield>
	<datafield ind1="1" ind2="2" tag="700">
		<subfield code="a">Schumann, Robert,</subfield>
		<subfield code="d">1810-1856. -</subfield>
		<subfield code="t">Romances.</subfield>
		<subfield code="m">Piano</subfield>
	</datafield>
	<datafield ind1="1" ind2="2" tag="700">
		<subfield code="a">Schumann, Robert,</subfield>
		<subfield code="d">1810-1856. -</subfield>
		<subfield code="t">Waldszenen</subfield>
	</datafield>
	<datafield ind1=" " ind2=" " tag="900">
		<subfield code="a">noselfmerge</subfield>
	</datafield>
	<datafield ind1=" " ind2=" " tag="962">
		<subfield code="a">neccm-</subfield>
	</datafield>
	<datafield ind1=" " ind2=" " tag="980">
		<subfield code="2">musg</subfield>
		<subfield code="a">***</subfield>
		<subfield code="d">Piano</subfield>
		<subfield code="e">1825-1850</subfield>
	</datafield>
	<datafield ind1=" " ind2=" " tag="980">
		<subfield code="2">musi</subfield>
		<subfield code="a">piano</subfield>
	</datafield>
	<datafield ind1=" " ind2=" " tag="980">
		<subfield code="2">musg</subfield>
		<subfield code="a">Romance</subfield>
		<subfield code="d">piano</subfield>
		<subfield code="e">1825-1850</subfield>
	</datafield>
</record>