

<record>
	<leader>00948nam a2200313 a 4500</leader>
	<controlfield tag="001">REROILS:164</controlfield>
	<controlfield tag="003">RERO</controlfield>
	<controlfield tag="005">20170519174900.0</controlfield>
	<controlfield tag="008">051014s2001    is ||| |  ||||00|  |heb d</controlfield>
	<datafield ind1=" " ind2=" " tag="019">
		<subfield code="a">Catalogage sommaire</subfield>
		<subfield code="9">necfbj/10.2005</subfield>
	</datafield>
	<datafield ind1=" " ind2=" " tag="020">
		<subfield code="a">9789653323216</subfield>
	</datafield>
	<datafield ind1=" " ind2=" " tag="035">
		<subfield code="a">R004470727</subfield>
	</datafield>
	<datafield ind1=" " ind2="9" tag="039">
		<subfield code="a">201705191749</subfield>
		<subfield code="b">VLOAD</subfield>
		<subfield code="c">200812212112</subfield>
		<subfield code="d">VLOAD</subfield>
		<subfield code="y">200706302123</subfield>
		<subfield code="z">VLOAD</subfield>
	</datafield>
	<datafield ind1=" " ind2=" " tag="040">
		<subfield code="a">RERO necfbj</subfield>
	</datafield>
	<datafield ind1="1" ind2=" " tag="041">
		<subfield code="a">heb</subfield>
		<subfield code="h">ger</subfield>
	</datafield>
	<datafield ind1=" " ind2="7" tag="072">
		<subfield code="a">s1zz</subfield>
		<subfield code="2">rero</subfield>
	</datafield>
	<datafield ind1="1" ind2=" " tag="100">
		<subfield code="a">Pfister, Marcus,</subfield>
		<subfield code="d">1960-</subfield>
		<subfield code="4">cre</subfield>
		<subfield code="0">(IdRef)055280536</subfield>
	</datafield>
	<datafield ind1="1" ind2="1" tag="245">
		<subfield code="a">[Arc-en-ciel, le plus beau poisson des océans] /</subfield>
		<subfield code="c">[Marcus Pfister]</subfield>
	</datafield>
	<datafield ind1=" " ind2="1" tag="264">
		<subfield code="a">[Lieu de publication non identifié] :</subfield>
		<subfield code="b">Inbal Publishers,</subfield>
		<subfield code="c">[2001]</subfield>
	</datafield>
	<datafield ind1=" " ind2="4" tag="264">
		<subfield code="c">© 2001</subfield>
	</datafield>
	<datafield ind1=" " ind2=" " tag="300">
		<subfield code="a">[25 p.] :</subfield>
		<subfield code="b">ill. ;</subfield>
		<subfield code="c">30 cm</subfield>
	</datafield>
	<datafield ind1=" " ind2=" " tag="336">
		<subfield code="b">txt</subfield>
		<subfield code="2">rdacontent</subfield>
	</datafield>
	<datafield ind1=" " ind2=" " tag="337">
		<subfield code="b">n</subfield>
		<subfield code="2">rdamedia</subfield>
	</datafield>
	<datafield ind1=" " ind2=" " tag="338">
		<subfield code="b">nc</subfield>
		<subfield code="2">rdacarrier</subfield>
	</datafield>
	<datafield ind1=" " ind2=" " tag="339">
		<subfield code="a">docmaintype_book</subfield>
		<subfield code="b">docsubtype_other_book</subfield>
	</datafield>
	<datafield ind1=" " ind2=" " tag="500">
		<subfield code="a">livre en hébreu</subfield>
	</datafield>
	<datafield ind1=" " ind2=" " tag="500">
		<subfield code="a">Traduit de : Der Regenbogenfisch</subfield>
	</datafield>
	<datafield ind1=" " ind2=" " tag="900">
		<subfield code="a">noselfmerge</subfield>
	</datafield>
	<datafield ind1=" " ind2=" " tag="962">
		<subfield code="a">necfbj</subfield>
	</datafield>
	<datafield ind1=" " ind2=" " tag="994">
		<subfield code="a">CFBJ1 IMAGES</subfield>
		<subfield code="x">--</subfield>
	</datafield>
</record>