

<record>
	<leader>01483nam a2200409 a 4500</leader>
	<controlfield tag="001">REROILS:190</controlfield>
	<controlfield tag="003">RERO</controlfield>
	<controlfield tag="005">20191114160400.0</controlfield>
	<controlfield tag="008">120820s2012    fr ||| |  ||||00|  |fre d</controlfield>
	<datafield ind1=" " ind2=" " tag="020">
		<subfield code="a">9782350191034</subfield>
	</datafield>
	<datafield ind1="8" ind2=" " tag="024">
		<subfield code="a">ELC1283925</subfield>
	</datafield>
	<datafield ind1="7" ind2=" " tag="024">
		<subfield code="a">http://catalogue.bnf.fr/ark:/12148/cb43738694g</subfield>
		<subfield code="2">uri</subfield>
	</datafield>
	<datafield ind1=" " ind2=" " tag="035">
		<subfield code="a">R007124426</subfield>
	</datafield>
	<datafield ind1=" " ind2="9" tag="039">
		<subfield code="a">201911141604</subfield>
		<subfield code="b">VLOAD</subfield>
		<subfield code="c">201705311915</subfield>
		<subfield code="d">VLOAD</subfield>
		<subfield code="c">201502081254</subfield>
		<subfield code="d">VLOAD</subfield>
		<subfield code="y">201208201131</subfield>
		<subfield code="z">4988</subfield>
	</datafield>
	<datafield ind1=" " ind2=" " tag="040">
		<subfield code="a">FRMCM</subfield>
		<subfield code="d">RERO jubmda</subfield>
	</datafield>
	<datafield ind1=" " ind2="7" tag="072">
		<subfield code="a">s1gr</subfield>
		<subfield code="2">rero</subfield>
	</datafield>
	<datafield ind1="1" ind2="4" tag="082">
		<subfield code="a">201.3</subfield>
	</datafield>
	<datafield ind1="1" ind2=" " tag="100">
		<subfield code="a">Angelidou, Maria</subfield>
		<subfield code="4">cre</subfield>
		<subfield code="0">(IdRef)111661315</subfield>
	</datafield>
	<datafield ind1="1" ind2="4" tag="245">
		<subfield code="a">Les 21 grands mythes grecs /</subfield>
		<subfield code="c">Maria Angélidou ; adapt. Emmanuèle Blanc ; ill. Svetlin Vasilev</subfield>
	</datafield>
	<datafield ind1=" " ind2="1" tag="264">
		<subfield code="a">Paris :</subfield>
		<subfield code="b">Ed. Pascal,</subfield>
		<subfield code="c">2012</subfield>
	</datafield>
	<datafield ind1=" " ind2=" " tag="300">
		<subfield code="a">1 vol. (144 p.) :</subfield>
		<subfield code="b">illustrations en couleur ;</subfield>
		<subfield code="c">24 x 16 cm.</subfield>
	</datafield>
	<datafield ind1=" " ind2=" " tag="336">
		<subfield code="b">txt</subfield>
		<subfield code="2">rdacontent</subfield>
	</datafield>
	<datafield ind1=" " ind2=" " tag="337">
		<subfield code="b">n</subfield>
		<subfield code="2">rdamedia</subfield>
	</datafield>
	<datafield ind1=" " ind2=" " tag="338">
		<subfield code="b">nc</subfield>
		<subfield code="2">rdacarrier</subfield>
	</datafield>
	<datafield ind1=" " ind2=" " tag="339">
		<subfield code="a">docmaintype_book</subfield>
		<subfield code="b">docsubtype_other_book</subfield>
	</datafield>
	<datafield ind1="1" ind2=" " tag="700">
		<subfield code="a">Blanc, Emmanuèle</subfield>
	</datafield>
	<datafield ind1="1" ind2=" " tag="700">
		<subfield code="a">Vasilev, Svetlin</subfield>
		<subfield code="0">(IdRef)194090493</subfield>
	</datafield>
	<datafield ind1="4" ind2=" " tag="856">
		<subfield code="u">http://www.electre.com//GetBlob.ashx?Ean=9782350191034,0-1283925&amp;Size=Original</subfield>
	</datafield>
	<datafield ind1=" " ind2="1" tag="900">
		<subfield code="a">OCoLC</subfield>
		<subfield code="b">20120820</subfield>
		<subfield code="c">Droits réservés</subfield>
	</datafield>
	<datafield ind1=" " ind2=" " tag="900">
		<subfield code="a">noselfmerge</subfield>
	</datafield>
	<datafield ind1=" " ind2=" " tag="904">
		<subfield code="a">jubmdana</subfield>
		<subfield code="b">2012/08</subfield>
		<subfield code="c">12</subfield>
	</datafield>
	<datafield ind1=" " ind2=" " tag="919">
		<subfield code="a">Mythologie grecque</subfield>
		<subfield code="x">Ouvrages pour la jeunesse</subfield>
	</datafield>
	<datafield ind1=" " ind2=" " tag="960">
		<subfield code="a">jubmda</subfield>
	</datafield>
	<datafield ind1=" " ind2=" " tag="984">
		<subfield code="2">jubmd</subfield>
		<subfield code="a">292</subfield>
	</datafield>
	<datafield ind1=" " ind2=" " tag="984">
		<subfield code="2">jubmd</subfield>
		<subfield code="a">GRECE ANTIQUE</subfield>
	</datafield>
	<datafield ind1=" " ind2=" " tag="984">
		<subfield code="2">jubmd</subfield>
		<subfield code="a">MYTHOLOGIE</subfield>
	</datafield>
</record>