

<record>
	<leader>00973nas a2200325 a 4500</leader>
	<controlfield tag="001">REROILS:248</controlfield>
	<controlfield tag="003">RERO</controlfield>
	<controlfield tag="005">20191120120700.0</controlfield>
	<controlfield tag="008">030407c19929999fr |||p|  ||||0 |  0fre d</controlfield>
	<datafield ind1=" " ind2=" " tag="022">
		<subfield code="a">1167-8224</subfield>
	</datafield>
	<datafield ind1=" " ind2=" " tag="035">
		<subfield code="a">R003339729</subfield>
	</datafield>
	<datafield ind1=" " ind2="9" tag="039">
		<subfield code="a">201911201207</subfield>
		<subfield code="b">AUTHORITY</subfield>
		<subfield code="c">201907051302</subfield>
		<subfield code="d">VLOAD</subfield>
		<subfield code="c">201901151510</subfield>
		<subfield code="d">7967</subfield>
		<subfield code="c">201705181249</subfield>
		<subfield code="d">VLOAD</subfield>
		<subfield code="y">200304071550</subfield>
		<subfield code="z">7270</subfield>
	</datafield>
	<datafield ind1=" " ind2=" " tag="040">
		<subfield code="a">RERO gemchi</subfield>
	</datafield>
	<datafield ind1=" " ind2="7" tag="072">
		<subfield code="a">s1me</subfield>
		<subfield code="2">rero</subfield>
	</datafield>
	<datafield ind1="0" ind2="3" tag="245">
		<subfield code="a">Le journal de coelio-chirurgie =</subfield>
		<subfield code="b">the European journal of coelio-surgery [et] la revue du chirurgien praticien</subfield>
	</datafield>
	<datafield ind1="3" ind2=" " tag="246">
		<subfield code="a">European journal of coelio-surgery</subfield>
	</datafield>
	<datafield ind1="3" ind2=" " tag="246">
		<subfield code="a">Revue du chirurgien praticien</subfield>
	</datafield>
	<datafield ind1=" " ind2="1" tag="264">
		<subfield code="a">Valence :</subfield>
		<subfield code="b">SREC Diffusion,</subfield>
		<subfield code="c">1992-</subfield>
	</datafield>
	<datafield ind1=" " ind2=" " tag="300">
		<subfield code="c">28 cm</subfield>
	</datafield>
	<datafield ind1=" " ind2=" " tag="310">
		<subfield code="a">Trimestriel</subfield>
	</datafield>
	<datafield ind1=" " ind2=" " tag="336">
		<subfield code="b">txt</subfield>
		<subfield code="2">rdacontent</subfield>
	</datafield>
	<datafield ind1=" " ind2=" " tag="337">
		<subfield code="b">n</subfield>
		<subfield code="2">rdamedia</subfield>
	</datafield>
	<datafield ind1=" " ind2=" " tag="338">
		<subfield code="b">nc</subfield>
		<subfield code="2">rdacarrier</subfield>
	</datafield>
	<datafield ind1=" " ind2=" " tag="339">
		<subfield code="a">docmaintype_serial</subfield>
	</datafield>
	<datafield ind1="0" ind2=" " tag="362">
		<subfield code="a">1992-</subfield>
	</datafield>
	<datafield ind1=" " ind2="2" tag="650">
		<subfield code="a">Surgery</subfield>
	</datafield>
	<datafield ind1=" " ind2="2" tag="650">
		<subfield code="a">Laparoscopy</subfield>
	</datafield>
	<datafield ind1=" " ind2="2" tag="655">
		<subfield code="a">Periodical</subfield>
	</datafield>
	<datafield ind1=" " ind2=" " tag="900">
		<subfield code="a">noselfmerge</subfield>
	</datafield>
	<datafield ind1=" " ind2=" " tag="957">
		<subfield code="a">geudbu</subfield>
	</datafield>
</record>