

<record>
	<leader>00790naa a22002537a 4500</leader>
	<controlfield tag="001">REROILS:180</controlfield>
	<controlfield tag="003">RERO</controlfield>
	<controlfield tag="005">20170518140100.0</controlfield>
	<controlfield tag="008">980412s1964    xx ||| |  ||||00|  0eng d</controlfield>
	<datafield ind1=" " ind2=" " tag="035">
		<subfield code="a">R003455528</subfield>
	</datafield>
	<datafield ind1=" " ind2="9" tag="039">
		<subfield code="a">201705181401</subfield>
		<subfield code="b">VLOAD</subfield>
		<subfield code="c">201605141150</subfield>
		<subfield code="d">VLOAD</subfield>
		<subfield code="c">201210191821</subfield>
		<subfield code="d">VLOAD</subfield>
		<subfield code="c">201112192248</subfield>
		<subfield code="d">VLOAD</subfield>
		<subfield code="y">200506232344</subfield>
		<subfield code="z">VLOAD</subfield>
	</datafield>
	<datafield ind1=" " ind2=" " tag="040">
		<subfield code="a">RERO gewcc-</subfield>
	</datafield>
	<datafield ind1=" " ind2="7" tag="072">
		<subfield code="a">s1th</subfield>
		<subfield code="2">rero</subfield>
	</datafield>
	<datafield ind1="1" ind2=" " tag="100">
		<subfield code="a">Fey, Harold E</subfield>
		<subfield code="4">cre</subfield>
		<subfield code="0">(IdRef)074120956</subfield>
	</datafield>
	<datafield ind1="1" ind2="0" tag="245">
		<subfield code="a">Methodists chill Cocu /</subfield>
		<subfield code="c">Harold E. Fey</subfield>
	</datafield>
	<datafield ind1=" " ind2="1" tag="264">
		<subfield code="c">1964</subfield>
	</datafield>
	<datafield ind1=" " ind2=" " tag="336">
		<subfield code="b">txt</subfield>
		<subfield code="2">rdacontent</subfield>
	</datafield>
	<datafield ind1=" " ind2=" " tag="337">
		<subfield code="b">n</subfield>
		<subfield code="2">rdamedia</subfield>
	</datafield>
	<datafield ind1=" " ind2=" " tag="338">
		<subfield code="b">nc</subfield>
		<subfield code="2">rdacarrier</subfield>
	</datafield>
	<datafield ind1=" " ind2=" " tag="339">
		<subfield code="a">docmaintype_article</subfield>
	</datafield>
	<datafield ind1=" " ind2=" " tag="580">
		<subfield code="a">In: Christian Century ; vol. 81, 1964, p. 599-600</subfield>
	</datafield>
	<datafield ind1="1" ind2=" " tag="773">
		<subfield code="t">Christian century</subfield>
		<subfield code="g">vol. 81, 1964, p. 599-600</subfield>
		<subfield code="w">REROILS:98</subfield>
	</datafield>
	<datafield ind1=" " ind2=" " tag="957">
		<subfield code="a">gewcc-</subfield>
	</datafield>
	<datafield ind1=" " ind2=" " tag="982">
		<subfield code="2">wccsh</subfield>
		<subfield code="a">Church union in the Usa</subfield>
	</datafield>
</record>