

<record>
	<leader>01137cam a2200361 a 4500</leader>
	<controlfield tag="001">REROILS:178</controlfield>
	<controlfield tag="003">RERO</controlfield>
	<controlfield tag="005">20201013173500.0</controlfield>
	<controlfield tag="008">860924s1982    xxu|||||| ||||00|| |eng d</controlfield>
	<datafield ind1=" " ind2=" " tag="020">
		<subfield code="a">9780801626869</subfield>
	</datafield>
	<datafield ind1=" " ind2=" " tag="035">
		<subfield code="a">0755983</subfield>
	</datafield>
	<datafield ind1=" " ind2="9" tag="039">
		<subfield code="a">202010131735</subfield>
		<subfield code="b">VLOAD</subfield>
		<subfield code="c">202010060154</subfield>
		<subfield code="d">VLOAD</subfield>
		<subfield code="c">201711250909</subfield>
		<subfield code="d">VLOAD</subfield>
		<subfield code="c">201706101350</subfield>
		<subfield code="d">VLOAD</subfield>
		<subfield code="y">1999022803380000</subfield>
		<subfield code="z">load</subfield>
	</datafield>
	<datafield ind1=" " ind2=" " tag="040">
		<subfield code="a">RERO labcud</subfield>
	</datafield>
	<datafield ind1=" " ind2="7" tag="072">
		<subfield code="a">s1ps</subfield>
		<subfield code="2">rero</subfield>
	</datafield>
	<datafield ind1="1" ind2=" " tag="100">
		<subfield code="a">Klaus, Marshall H</subfield>
		<subfield code="4">cre</subfield>
		<subfield code="0">(IdRef)033607028</subfield>
	</datafield>
	<datafield ind1="1" ind2="0" tag="245">
		<subfield code="a">Parent-infant bonding /</subfield>
		<subfield code="c">Marshall H. Klaus, John H. Kennell</subfield>
	</datafield>
	<datafield ind1=" " ind2=" " tag="250">
		<subfield code="a">2nd ed</subfield>
	</datafield>
	<datafield ind1=" " ind2="1" tag="264">
		<subfield code="a">St.Louis ;</subfield>
		<subfield code="a">Toronto :</subfield>
		<subfield code="b">C.V. Mosby,</subfield>
		<subfield code="c">1982</subfield>
	</datafield>
	<datafield ind1=" " ind2=" " tag="300">
		<subfield code="a">XIX, 314 p. :</subfield>
		<subfield code="b">ill. ;</subfield>
		<subfield code="c">25 cm</subfield>
	</datafield>
	<datafield ind1=" " ind2=" " tag="336">
		<subfield code="b">txt</subfield>
		<subfield code="2">rdacontent</subfield>
	</datafield>
	<datafield ind1=" " ind2=" " tag="337">
		<subfield code="b">n</subfield>
		<subfield code="2">rdamedia</subfield>
	</datafield>
	<datafield ind1=" " ind2=" " tag="338">
		<subfield code="b">nc</subfield>
		<subfield code="2">rdacarrier</subfield>
	</datafield>
	<datafield ind1=" " ind2=" " tag="339">
		<subfield code="a">docmaintype_book</subfield>
		<subfield code="b">docsubtype_other_book</subfield>
	</datafield>
	<datafield ind1=" " ind2=" " tag="500">
		<subfield code="a">Rev. ed. of : Maternal-infant bonding</subfield>
	</datafield>
	<datafield ind1=" " ind2="7" tag="650">
		<subfield code="a">Famille</subfield>
		<subfield code="2">rero</subfield>
	</datafield>
	<datafield ind1=" " ind2="7" tag="650">
		<subfield code="a">Nourrissons</subfield>
		<subfield code="2">rero</subfield>
	</datafield>
	<datafield ind1=" " ind2="7" tag="650">
		<subfield code="a">Enfants</subfield>
		<subfield code="2">rero</subfield>
	</datafield>
	<datafield ind1=" " ind2="7" tag="650">
		<subfield code="a">Parents</subfield>
		<subfield code="2">rero</subfield>
	</datafield>
	<datafield ind1="1" ind2=" " tag="700">
		<subfield code="a">Kennell, John H</subfield>
	</datafield>
	<datafield ind1=" " ind2=" " tag="900">
		<subfield code="a">noselfmerge</subfield>
	</datafield>
	<datafield ind1=" " ind2=" " tag="919">
		<subfield code="9">650 _7</subfield>
		<subfield code="a">relation parent-enfant</subfield>
		<subfield code="x">relations familiales</subfield>
		<subfield code="2">chrero</subfield>
	</datafield>
	<datafield ind1=" " ind2=" " tag="919">
		<subfield code="9">650 _7</subfield>
		<subfield code="a">famille</subfield>
		<subfield code="x">nourrisson</subfield>
		<subfield code="2">chrero</subfield>
	</datafield>
	<datafield ind1=" " ind2=" " tag="960">
		<subfield code="a">jusad-</subfield>
	</datafield>
</record>