

<record>
	<leader>00736nas a2200265 a 4500</leader>
	<controlfield tag="001">REROILS:6</controlfield>
	<controlfield tag="003">RERO</controlfield>
	<controlfield tag="005">20170516091000.0</controlfield>
	<controlfield tag="008">960525d19501956ne |||m|| ||||0 || 0lat d</controlfield>
	<datafield ind1=" " ind2=" " tag="035">
		<subfield code="a">0372582</subfield>
	</datafield>
	<datafield ind1=" " ind2="9" tag="039">
		<subfield code="a">201705160910</subfield>
		<subfield code="b">VLOAD</subfield>
		<subfield code="c">201703290834</subfield>
		<subfield code="d">VLOAD</subfield>
		<subfield code="c">200812222127</subfield>
		<subfield code="d">VLOAD</subfield>
		<subfield code="c">200812210924</subfield>
		<subfield code="d">VLOAD</subfield>
		<subfield code="y">1999022718500000</subfield>
		<subfield code="z">load</subfield>
	</datafield>
	<datafield ind1=" " ind2=" " tag="040">
		<subfield code="a">RERO</subfield>
	</datafield>
	<datafield ind1=" " ind2="7" tag="072">
		<subfield code="a">s1hm</subfield>
		<subfield code="2">rero</subfield>
	</datafield>
	<datafield ind1=" " ind2="7" tag="072">
		<subfield code="a">s2th</subfield>
		<subfield code="2">rero</subfield>
	</datafield>
	<datafield ind1="0" ind2="0" tag="245">
		<subfield code="a">Stromata patristica et mediaevalia</subfield>
	</datafield>
	<datafield ind1=" " ind2="1" tag="264">
		<subfield code="a">Ultraiecti ;</subfield>
		<subfield code="a">Bruxellis :</subfield>
		<subfield code="b">Spectrvm,</subfield>
		<subfield code="c">1950-1956</subfield>
	</datafield>
	<datafield ind1=" " ind2=" " tag="300">
		<subfield code="c">22 cm</subfield>
	</datafield>
	<datafield ind1=" " ind2=" " tag="336">
		<subfield code="b">txt</subfield>
		<subfield code="2">rdacontent</subfield>
	</datafield>
	<datafield ind1=" " ind2=" " tag="337">
		<subfield code="b">n</subfield>
		<subfield code="2">rdamedia</subfield>
	</datafield>
	<datafield ind1=" " ind2=" " tag="338">
		<subfield code="b">nc</subfield>
		<subfield code="2">rdacarrier</subfield>
	</datafield>
	<datafield ind1=" " ind2=" " tag="339">
		<subfield code="a">docmaintype_series</subfield>
	</datafield>
	<datafield ind1="0" ind2=" " tag="362">
		<subfield code="a">Fasc. 1 - fasc. 5</subfield>
	</datafield>
	<datafield ind1=" " ind2=" " tag="900">
		<subfield code="a">noselfmerge</subfield>
	</datafield>
	<datafield ind1=" " ind2=" " tag="956">
		<subfield code="a">frbcuc</subfield>
	</datafield>
</record>