

<record>
	<leader>01304nam a22004097a 4500</leader>
	<controlfield tag="001">REROILS:152</controlfield>
	<controlfield tag="003">RERO</controlfield>
	<controlfield tag="005">20200603095700.0</controlfield>
	<controlfield tag="008">110816s2011    gw ||| |  ||||00|  |chi d</controlfield>
	<datafield ind1=" " ind2=" " tag="020">
		<subfield code="a">9783451305016</subfield>
	</datafield>
	<datafield ind1=" " ind2=" " tag="035">
		<subfield code="a">R006126928</subfield>
	</datafield>
	<datafield ind1=" " ind2="7" tag="039">
		<subfield code="b">1109</subfield>
	</datafield>
	<datafield ind1=" " ind2="9" tag="039">
		<subfield code="a">202006030957</subfield>
		<subfield code="b">0022</subfield>
		<subfield code="c">202006021717</subfield>
		<subfield code="d">0022</subfield>
		<subfield code="c">202006021700</subfield>
		<subfield code="d">0022</subfield>
		<subfield code="c">202006021659</subfield>
		<subfield code="d">0022</subfield>
		<subfield code="y">201108161411</subfield>
		<subfield code="z">1036</subfield>
	</datafield>
	<datafield ind1=" " ind2=" " tag="040">
		<subfield code="a">GyFmDB</subfield>
		<subfield code="d">RERO vsbcvs</subfield>
	</datafield>
	<datafield ind1="1" ind2=" " tag="041">
		<subfield code="a">chi</subfield>
		<subfield code="a">ger</subfield>
		<subfield code="h">chi</subfield>
	</datafield>
	<datafield ind1=" " ind2=" " tag="044">
		<subfield code="a">sz</subfield>
		<subfield code="c">ch-bs</subfield>
	</datafield>
	<datafield ind1=" " ind2="7" tag="072">
		<subfield code="a">s1ph</subfield>
		<subfield code="2">rero</subfield>
	</datafield>
	<datafield ind1="0" ind2=" " tag="100">
		<subfield code="a">Kongzi</subfield>
		<subfield code="4">cre</subfield>
	</datafield>
	<datafield ind1="1" ind2="0" tag="245">
		<subfield code="a">Gespräche /</subfield>
		<subfield code="c">Konfuzius ; ausgew., übers. und kommentiert von Wolfgang Kubin</subfield>
	</datafield>
	<datafield ind1=" " ind2="1" tag="264">
		<subfield code="a">Freiburg im Breisgau ;</subfield>
		<subfield code="a">Basel ;</subfield>
		<subfield code="a">Wien :</subfield>
		<subfield code="b">Herder,</subfield>
		<subfield code="c">2011</subfield>
	</datafield>
	<datafield ind1=" " ind2=" " tag="300">
		<subfield code="a">216 S. :</subfield>
		<subfield code="b">Ill.</subfield>
	</datafield>
	<datafield ind1=" " ind2=" " tag="336">
		<subfield code="b">txt</subfield>
		<subfield code="2">rdacontent</subfield>
	</datafield>
	<datafield ind1=" " ind2=" " tag="337">
		<subfield code="b">n</subfield>
		<subfield code="2">rdamedia</subfield>
	</datafield>
	<datafield ind1=" " ind2=" " tag="338">
		<subfield code="b">nc</subfield>
		<subfield code="2">rdacarrier</subfield>
	</datafield>
	<datafield ind1=" " ind2=" " tag="339">
		<subfield code="a">docmaintype_book</subfield>
		<subfield code="b">docsubtype_other_book</subfield>
	</datafield>
	<datafield ind1="1" ind2=" " tag="490">
		<subfield code="a">Klassiker des chinesischen Denkens</subfield>
		<subfield code="v">Bd. 1</subfield>
	</datafield>
	<datafield ind1=" " ind2=" " tag="500">
		<subfield code="a">Literaturangaben</subfield>
	</datafield>
	<datafield ind1="0" ind2="7" tag="600">
		<subfield code="a">Kongzi.</subfield>
		<subfield code="t">Lunyu - commentaire</subfield>
		<subfield code="2">rero</subfield>
	</datafield>
	<datafield ind1="1" ind2=" " tag="700">
		<subfield code="a">Kubin, Wolfgang</subfield>
		<subfield code="0">(IdRef)028927761</subfield>
	</datafield>
	<datafield ind1=" " ind2="0" tag="830">
		<subfield code="a">Klassiker des chinesischen Denkens</subfield>
		<subfield code="v">1</subfield>
	</datafield>
	<datafield ind1=" " ind2="1" tag="900">
		<subfield code="a">GyFmDB</subfield>
		<subfield code="b">20110816</subfield>
		<subfield code="c">Droits réservés</subfield>
	</datafield>
	<datafield ind1=" " ind2=" " tag="900">
		<subfield code="a">noselfmerge</subfield>
	</datafield>
	<datafield ind1=" " ind2=" " tag="906">
		<subfield code="a">bcvs</subfield>
		<subfield code="b">2011/09</subfield>
		<subfield code="c">02</subfield>
	</datafield>
	<datafield ind1=" " ind2=" " tag="919">
		<subfield code="9">600 07</subfield>
		<subfield code="a">Kongzi.</subfield>
		<subfield code="t">&quot;Lunyu&quot; - commentaire</subfield>
		<subfield code="2">chrero</subfield>
	</datafield>
	<datafield ind1=" " ind2=" " tag="973">
		<subfield code="a">vsbcvb</subfield>
	</datafield>
	<datafield ind1=" " ind2=" " tag="986">
		<subfield code="2">brsw</subfield>
		<subfield code="a">Lunyu ; Kommentar</subfield>
	</datafield>
	<datafield ind1=" " ind2=" " tag="986">
		<subfield code="2">cdu-vsbcvb</subfield>
		<subfield code="a">1(510)</subfield>
	</datafield>
</record>