

<record>
	<leader>01261cam a2200373 a 4500</leader>
	<controlfield tag="001">REROILS:199</controlfield>
	<controlfield tag="003">RERO</controlfield>
	<controlfield tag="005">20180827191200.0</controlfield>
	<controlfield tag="008">001223s1996    fr |||||| ||||00|| |fre d</controlfield>
	<datafield ind1=" " ind2=" " tag="019">
		<subfield code="a">Catalogué d'après la couverture.</subfield>
		<subfield code="9">13.08.1996/labcud/nr</subfield>
	</datafield>
	<datafield ind1=" " ind2=" " tag="020">
		<subfield code="a">9782901428466</subfield>
	</datafield>
	<datafield ind1=" " ind2=" " tag="020">
		<subfield code="a">9782879002415</subfield>
	</datafield>
	<datafield ind1="7" ind2=" " tag="024">
		<subfield code="a">http://catalogue.bnf.fr/ark:/12148/cb358174500</subfield>
		<subfield code="2">uri</subfield>
	</datafield>
	<datafield ind1=" " ind2=" " tag="035">
		<subfield code="a">2235426</subfield>
	</datafield>
	<datafield ind1=" " ind2=" " tag="039">
		<subfield code="b">3308c</subfield>
		<subfield code="b">9544f</subfield>
	</datafield>
	<datafield ind1=" " ind2="9" tag="039">
		<subfield code="a">201808271912</subfield>
		<subfield code="b">VLOAD</subfield>
		<subfield code="c">201706101606</subfield>
		<subfield code="d">VLOAD</subfield>
		<subfield code="c">201607250909</subfield>
		<subfield code="d">VLOAD</subfield>
		<subfield code="c">200812231019</subfield>
		<subfield code="d">VLOAD</subfield>
		<subfield code="y">1999030115390000</subfield>
		<subfield code="z">load</subfield>
	</datafield>
	<datafield ind1=" " ind2=" " tag="040">
		<subfield code="a">RERO labcud</subfield>
	</datafield>
	<datafield ind1=" " ind2="7" tag="072">
		<subfield code="a">s1ba</subfield>
		<subfield code="2">rero</subfield>
	</datafield>
	<datafield ind1="1" ind2=" " tag="100">
		<subfield code="a">Bourdelle, Antoine</subfield>
		<subfield code="4">cre</subfield>
		<subfield code="0">(IdRef)026745151</subfield>
	</datafield>
	<datafield ind1="1" ind2="0" tag="245">
		<subfield code="a">Quatre-vingts dessins de Bourdelle /</subfield>
		<subfield code="c">Véronique Gautherin</subfield>
	</datafield>
	<datafield ind1=" " ind2="1" tag="264">
		<subfield code="a">Paris :</subfield>
		<subfield code="b">Musée Rodin :</subfield>
		<subfield code="b">Paris-Musées,</subfield>
		<subfield code="c">1996</subfield>
	</datafield>
	<datafield ind1=" " ind2=" " tag="300">
		<subfield code="a">1 portefeuille ([4] p., 80 f. de pl.) ;</subfield>
		<subfield code="c">34 cm</subfield>
	</datafield>
	<datafield ind1=" " ind2=" " tag="336">
		<subfield code="b">txt</subfield>
		<subfield code="2">rdacontent</subfield>
	</datafield>
	<datafield ind1=" " ind2=" " tag="337">
		<subfield code="b">n</subfield>
		<subfield code="2">rdamedia</subfield>
	</datafield>
	<datafield ind1=" " ind2=" " tag="338">
		<subfield code="b">nc</subfield>
		<subfield code="2">rdacarrier</subfield>
	</datafield>
	<datafield ind1=" " ind2=" " tag="339">
		<subfield code="a">docmaintype_book</subfield>
		<subfield code="b">docsubtype_other_book</subfield>
	</datafield>
	<datafield ind1="1" ind2="7" tag="600">
		<subfield code="a">Bourdelle, Antoine</subfield>
		<subfield code="2">rero</subfield>
		<subfield code="0">(IdRef)026745151</subfield>
	</datafield>
	<datafield ind1=" " ind2="7" tag="650">
		<subfield code="a">Dessin</subfield>
		<subfield code="2">rero</subfield>
	</datafield>
	<datafield ind1="1" ind2=" " tag="700">
		<subfield code="a">Gautherin, Véronique</subfield>
		<subfield code="0">(IdRef)034460608</subfield>
	</datafield>
	<datafield ind1=" " ind2=" " tag="900">
		<subfield code="a">noselfmerge</subfield>
	</datafield>
	<datafield ind1=" " ind2=" " tag="919">
		<subfield code="9">600 17</subfield>
		<subfield code="a">Bourdelle, Antoine - dessin</subfield>
		<subfield code="2">chrero</subfield>
	</datafield>
	<datafield ind1=" " ind2=" " tag="962">
		<subfield code="a">nebpun</subfield>
	</datafield>
	<datafield ind1=" " ind2=" " tag="994">
		<subfield code="a">FG 1163</subfield>
		<subfield code="x">ne/bpun/a/1997/769</subfield>
	</datafield>
</record>