

<record>
	<leader>01505naa a2200421 a 4500</leader>
	<controlfield tag="001">REROILS:241</controlfield>
	<controlfield tag="003">RERO</controlfield>
	<controlfield tag="005">20180126154600.0</controlfield>
	<controlfield tag="008">020304s1984    sz |||||| ||||00|| |fre d</controlfield>
	<datafield ind1=" " ind2=" " tag="035">
		<subfield code="a">R003159525</subfield>
	</datafield>
	<datafield ind1=" " ind2="7" tag="039">
		<subfield code="b">3306</subfield>
	</datafield>
	<datafield ind1=" " ind2="9" tag="039">
		<subfield code="a">201801261546</subfield>
		<subfield code="b">AUTHORITY</subfield>
		<subfield code="c">201711252046</subfield>
		<subfield code="d">VLOAD</subfield>
		<subfield code="c">201706110635</subfield>
		<subfield code="d">VLOAD</subfield>
		<subfield code="c">201604121508</subfield>
		<subfield code="d">3338</subfield>
		<subfield code="y">200203041625</subfield>
		<subfield code="z">3304</subfield>
	</datafield>
	<datafield ind1=" " ind2=" " tag="040">
		<subfield code="a">RERO nebpun</subfield>
	</datafield>
	<datafield ind1=" " ind2="7" tag="072">
		<subfield code="a">s1hs</subfield>
		<subfield code="2">rero</subfield>
	</datafield>
	<datafield ind1="1" ind2=" " tag="100">
		<subfield code="a">Clottu, Olivier,</subfield>
		<subfield code="d">1910-1997</subfield>
		<subfield code="4">cre</subfield>
		<subfield code="0">(IdRef)243997876</subfield>
	</datafield>
	<datafield ind1="1" ind2="3" tag="245">
		<subfield code="a">Le coffre de mariage armorié neuchâtelois /</subfield>
		<subfield code="c">par Olivier Clottu</subfield>
	</datafield>
	<datafield ind1=" " ind2="1" tag="264">
		<subfield code="a">[Var. loc.] :</subfield>
		<subfield code="b">Société suisse d'héraldique,</subfield>
		<subfield code="c">1984</subfield>
	</datafield>
	<datafield ind1=" " ind2=" " tag="300">
		<subfield code="a">P. 57-76 :</subfield>
		<subfield code="b">fig. ;</subfield>
		<subfield code="c">27 cm</subfield>
	</datafield>
	<datafield ind1=" " ind2=" " tag="336">
		<subfield code="b">txt</subfield>
		<subfield code="2">rdacontent</subfield>
	</datafield>
	<datafield ind1=" " ind2=" " tag="337">
		<subfield code="b">n</subfield>
		<subfield code="2">rdamedia</subfield>
	</datafield>
	<datafield ind1=" " ind2=" " tag="338">
		<subfield code="b">nc</subfield>
		<subfield code="2">rdacarrier</subfield>
	</datafield>
	<datafield ind1=" " ind2=" " tag="339">
		<subfield code="a">docmaintype_article</subfield>
	</datafield>
	<datafield ind1=" " ind2=" " tag="580">
		<subfield code="a">Tiré à part de: Archives héraldiques suisses. Annuaire. - [Var. loc.] : Société suisse d'héraldique, 1984. - P. 57-76</subfield>
	</datafield>
	<datafield ind1=" " ind2="7" tag="650">
		<subfield code="a">Armoiries</subfield>
		<subfield code="2">rero</subfield>
	</datafield>
	<datafield ind1=" " ind2="7" tag="650">
		<subfield code="a">Mariage</subfield>
		<subfield code="2">rero</subfield>
	</datafield>
	<datafield ind1=" " ind2="7" tag="650">
		<subfield code="a">17e siècle</subfield>
		<subfield code="2">rero</subfield>
	</datafield>
	<datafield ind1=" " ind2="7" tag="650">
		<subfield code="a">Coffres</subfield>
		<subfield code="2">rero</subfield>
	</datafield>
	<datafield ind1=" " ind2="7" tag="651">
		<subfield code="a">Neuchâtel (Suisse, canton)</subfield>
		<subfield code="2">rero</subfield>
	</datafield>
	<datafield ind1="1" ind2=" " tag="773">
		<subfield code="t">Archives héraldiques suisses. Annuaire</subfield>
		<subfield code="g">1984/57</subfield>
		<subfield code="w">REROILS:2000077</subfield>
	</datafield>
	<datafield ind1=" " ind2=" " tag="900">
		<subfield code="a">noselfmerge</subfield>
	</datafield>
	<datafield ind1=" " ind2=" " tag="904">
		<subfield code="a">neoco</subfield>
	</datafield>
	<datafield ind1=" " ind2=" " tag="904">
		<subfield code="a">neaut</subfield>
	</datafield>
	<datafield ind1=" " ind2=" " tag="919">
		<subfield code="9">650 _7</subfield>
		<subfield code="a">armoiries</subfield>
		<subfield code="x">coffre</subfield>
		<subfield code="x">mariage</subfield>
		<subfield code="z">Neuchâtel (Suisse, canton)</subfield>
		<subfield code="y">17e s.</subfield>
		<subfield code="2">chrero</subfield>
	</datafield>
	<datafield ind1=" " ind2=" " tag="962">
		<subfield code="a">nebpun necmh- nemahb</subfield>
	</datafield>
	<datafield ind1=" " ind2=" " tag="994">
		<subfield code="a">CMH BROCHURES 1452bis</subfield>
		<subfield code="x">--</subfield>
	</datafield>
	<datafield ind1=" " ind2=" " tag="994">
		<subfield code="a">CMH BROCHURES 1452</subfield>
		<subfield code="x">--</subfield>
	</datafield>
	<datafield ind1=" " ind2=" " tag="994">
		<subfield code="a">BPUN QD 502/31</subfield>
		<subfield code="x">ne/bpun/d/</subfield>
	</datafield>
	<datafield ind1=" " ind2=" " tag="994">
		<subfield code="a">BPUN 24R BBCA CLOT Coff</subfield>
		<subfield code="x">ne/bpun/d/2009/3645</subfield>
	</datafield>
</record>