

<record>
	<leader>01723ccm a2200433 a 4500</leader>
	<controlfield tag="001">REROILS:69</controlfield>
	<controlfield tag="003">RERO</controlfield>
	<controlfield tag="005">20200629064100.0</controlfield>
	<controlfield tag="008">951213s1977    gw |||||| ||||  |  |ger d</controlfield>
	<datafield ind1=" " ind2=" " tag="019">
		<subfield code="a">Catal. d'après la 1ère page de musique.</subfield>
		<subfield code="9">13.12.1995/labcur/cr</subfield>
	</datafield>
	<datafield ind1="3" ind2="2" tag="028">
		<subfield code="a">CV 40.162</subfield>
	</datafield>
	<datafield ind1=" " ind2=" " tag="035">
		<subfield code="a">2124019</subfield>
	</datafield>
	<datafield ind1=" " ind2="9" tag="039">
		<subfield code="a">202006290641</subfield>
		<subfield code="b">VLOAD</subfield>
		<subfield code="c">201908070852</subfield>
		<subfield code="d">1019</subfield>
		<subfield code="c">201809191055</subfield>
		<subfield code="d">1035</subfield>
		<subfield code="c">201705171746</subfield>
		<subfield code="d">VLOAD</subfield>
		<subfield code="y">1999030112590000</subfield>
		<subfield code="z">load</subfield>
	</datafield>
	<datafield ind1=" " ind2=" " tag="040">
		<subfield code="a">RERO labcur</subfield>
	</datafield>
	<datafield ind1="0" ind2=" " tag="041">
		<subfield code="a">ger</subfield>
		<subfield code="a">eng</subfield>
	</datafield>
	<datafield ind1=" " ind2="7" tag="072">
		<subfield code="a">s1mu</subfield>
		<subfield code="2">rero</subfield>
	</datafield>
	<datafield ind1="1" ind2=" " tag="100">
		<subfield code="a">Mendelssohn-Bartholdy, Felix</subfield>
		<subfield code="4">cre</subfield>
		<subfield code="0">(IdRef)027329453</subfield>
	</datafield>
	<datafield ind1="1" ind2="0" tag="245">
		<subfield code="a">Aus tiefer Not schrei ich zu dir :</subfield>
		<subfield code="b">Worte (nach Psalm 130) und Weise: Martin Luther : op. 23, Nr. 1 /</subfield>
		<subfield code="c">Felix Mendelssohn-Bartholdy ; Hrsg.: Günter Graulich ; english version by Jean Lunn</subfield>
	</datafield>
	<datafield ind1=" " ind2="1" tag="264">
		<subfield code="a">Stuttgart :</subfield>
		<subfield code="b">Carus,</subfield>
		<subfield code="c">[1977]</subfield>
	</datafield>
	<datafield ind1=" " ind2="4" tag="264">
		<subfield code="c">© 1977</subfield>
	</datafield>
	<datafield ind1=" " ind2=" " tag="300">
		<subfield code="a">1 partition de choeur (11 p.) ;</subfield>
		<subfield code="c">29 cm</subfield>
	</datafield>
	<datafield ind1=" " ind2=" " tag="336">
		<subfield code="b">ntm</subfield>
		<subfield code="2">rdacontent</subfield>
	</datafield>
	<datafield ind1=" " ind2=" " tag="337">
		<subfield code="b">n</subfield>
		<subfield code="2">rdamedia</subfield>
	</datafield>
	<datafield ind1=" " ind2=" " tag="338">
		<subfield code="b">nc</subfield>
		<subfield code="2">rdacarrier</subfield>
	</datafield>
	<datafield ind1=" " ind2=" " tag="339">
		<subfield code="a">docmaintype_score</subfield>
		<subfield code="b">docsubtype_printed_score</subfield>
	</datafield>
	<datafield ind1=" " ind2=" " tag="500">
		<subfield code="a">Edition avec texte original et traduction anglaise</subfield>
	</datafield>
	<datafield ind1="8" ind2=" " tag="520">
		<subfield code="a">Voix: Choeur Mixte (4 SATB) ; Langue: Allemand, Anglais ; Usage Liturgique: Méditation, Envoi ; Temps Liturgique: 31ème dimanche TO A, Carême, Pénitence, Onction des Malades ; Epoque: Romantique</subfield>
	</datafield>
	<datafield ind1="1" ind2=" " tag="700">
		<subfield code="a">Graulich, Günter</subfield>
		<subfield code="0">(IdRef)143311867</subfield>
	</datafield>
	<datafield ind1="1" ind2=" " tag="700">
		<subfield code="a">Lunn, Jean</subfield>
	</datafield>
	<datafield ind1="1" ind2="2" tag="700">
		<subfield code="a">Mendelssohn-Bartholdy, Felix. -</subfield>
		<subfield code="t">Motets.</subfield>
		<subfield code="r">Op. 23 no 1</subfield>
	</datafield>
	<datafield ind1=" " ind2=" " tag="900">
		<subfield code="a">noselfmerge</subfield>
	</datafield>
	<datafield ind1=" " ind2=" " tag="906">
		<subfield code="a">avcc</subfield>
	</datafield>
	<datafield ind1=" " ind2=" " tag="973">
		<subfield code="a">vsbcvs</subfield>
	</datafield>
	<datafield ind1=" " ind2=" " tag="980">
		<subfield code="2">musg</subfield>
		<subfield code="a">Motet</subfield>
		<subfield code="d">voix (3A T B), choeur mixte, orgue</subfield>
		<subfield code="e">1825-1850</subfield>
	</datafield>
	<datafield ind1=" " ind2=" " tag="980">
		<subfield code="2">musi</subfield>
		<subfield code="a">voix (3A T B), choeur mixte, orgue</subfield>
	</datafield>
	<datafield ind1=" " ind2=" " tag="986">
		<subfield code="2">vs-part</subfield>
		<subfield code="a">M 3.46 4</subfield>
	</datafield>
	<datafield ind1=" " ind2=" " tag="986">
		<subfield code="2">vsavcc2</subfield>
		<subfield code="a">Espoir</subfield>
	</datafield>
	<datafield ind1=" " ind2=" " tag="986">
		<subfield code="2">vsavcc2</subfield>
		<subfield code="a">Confiance</subfield>
	</datafield>
	<datafield ind1=" " ind2=" " tag="986">
		<subfield code="2">vsavcc2</subfield>
		<subfield code="a">Dieu</subfield>
	</datafield>
</record>