

<record>
	<leader>01116nam a2200337 a 4500</leader>
	<controlfield tag="001">REROILS:142</controlfield>
	<controlfield tag="003">RERO</controlfield>
	<controlfield tag="005">20180825094000.0</controlfield>
	<controlfield tag="008">861030s1986    xxu|||||| ||||00|| |eng d</controlfield>
	<datafield ind1=" " ind2=" " tag="020">
		<subfield code="a">9780271004204</subfield>
	</datafield>
	<datafield ind1="7" ind2=" " tag="024">
		<subfield code="a">http://catalogue.bnf.fr/ark:/12148/cb349813366</subfield>
		<subfield code="2">uri</subfield>
	</datafield>
	<datafield ind1=" " ind2=" " tag="035">
		<subfield code="a">0769032</subfield>
	</datafield>
	<datafield ind1=" " ind2="9" tag="039">
		<subfield code="a">201808250940</subfield>
		<subfield code="b">VLOAD</subfield>
		<subfield code="c">201706101411</subfield>
		<subfield code="d">VLOAD</subfield>
		<subfield code="c">201704041158</subfield>
		<subfield code="d">VLOAD</subfield>
		<subfield code="c">200812222159</subfield>
		<subfield code="d">VLOAD</subfield>
		<subfield code="y">1999022803560000</subfield>
		<subfield code="z">load</subfield>
	</datafield>
	<datafield ind1=" " ind2=" " tag="040">
		<subfield code="a">RERO labcud</subfield>
	</datafield>
	<datafield ind1=" " ind2="7" tag="072">
		<subfield code="a">s1an</subfield>
		<subfield code="2">rero</subfield>
	</datafield>
	<datafield ind1="1" ind2=" " tag="100">
		<subfield code="a">Auchard, John</subfield>
		<subfield code="4">cre</subfield>
		<subfield code="0">(IdRef)029065216</subfield>
	</datafield>
	<datafield ind1="1" ind2="0" tag="245">
		<subfield code="a">Silence in Henry James :</subfield>
		<subfield code="b">The heritage of symbolism and decadence /</subfield>
		<subfield code="c">John Auchard</subfield>
	</datafield>
	<datafield ind1=" " ind2="1" tag="264">
		<subfield code="a">University Park ;</subfield>
		<subfield code="a">London :</subfield>
		<subfield code="b">The Pennsylvania State Univ. Press,</subfield>
		<subfield code="c">[1986]</subfield>
	</datafield>
	<datafield ind1=" " ind2="4" tag="264">
		<subfield code="c">© 1986</subfield>
	</datafield>
	<datafield ind1=" " ind2=" " tag="300">
		<subfield code="a">182 p. ;</subfield>
		<subfield code="c">24 cm</subfield>
	</datafield>
	<datafield ind1=" " ind2=" " tag="336">
		<subfield code="b">txt</subfield>
		<subfield code="2">rdacontent</subfield>
	</datafield>
	<datafield ind1=" " ind2=" " tag="337">
		<subfield code="b">n</subfield>
		<subfield code="2">rdamedia</subfield>
	</datafield>
	<datafield ind1=" " ind2=" " tag="338">
		<subfield code="b">nc</subfield>
		<subfield code="2">rdacarrier</subfield>
	</datafield>
	<datafield ind1=" " ind2=" " tag="339">
		<subfield code="a">docmaintype_book</subfield>
		<subfield code="b">docsubtype_other_book</subfield>
	</datafield>
	<datafield ind1="1" ind2="7" tag="600">
		<subfield code="a">James, Henry</subfield>
		<subfield code="2">rero</subfield>
		<subfield code="0">(IdRef)026934612</subfield>
	</datafield>
	<datafield ind1=" " ind2="7" tag="650">
		<subfield code="a">Néant (philosophie)</subfield>
		<subfield code="2">rero</subfield>
	</datafield>
	<datafield ind1=" " ind2=" " tag="900">
		<subfield code="a">noselfmerge</subfield>
	</datafield>
	<datafield ind1=" " ind2=" " tag="919">
		<subfield code="9">650 _7</subfield>
		<subfield code="a">néant</subfield>
		<subfield code="x">James, Henry</subfield>
		<subfield code="2">chrero</subfield>
	</datafield>
	<datafield ind1=" " ind2=" " tag="957">
		<subfield code="a">geulan</subfield>
	</datafield>
	<datafield ind1=" " ind2=" " tag="982">
		<subfield code="2">ge-ulan</subfield>
		<subfield code="a">A Jame 8*AUCH Sil ihj</subfield>
	</datafield>
	<datafield ind1=" " ind2=" " tag="992">
		<subfield code="a">BFLA 28027</subfield>
		<subfield code="x">ge/ulan/a/87/995</subfield>
	</datafield>
</record>