

<record>
	<leader>01898nam a2200517 a 4500</leader>
	<controlfield tag="001">REROILS:7</controlfield>
	<controlfield tag="003">RERO</controlfield>
	<controlfield tag="005">20180828142400.0</controlfield>
	<controlfield tag="008">000927s1999    it ||| |  ||||00|  |ita d</controlfield>
	<datafield ind1=" " ind2=" " tag="020">
		<subfield code="a">9788842209010</subfield>
	</datafield>
	<datafield ind1=" " ind2=" " tag="035">
		<subfield code="a">R274072460</subfield>
	</datafield>
	<datafield ind1=" " ind2=" " tag="039">
		<subfield code="b">7910i</subfield>
	</datafield>
	<datafield ind1=" " ind2="9" tag="039">
		<subfield code="a">201808281424</subfield>
		<subfield code="b">VLOAD</subfield>
		<subfield code="c">201706111313</subfield>
		<subfield code="d">VLOAD</subfield>
		<subfield code="c">200812221317</subfield>
		<subfield code="d">VLOAD</subfield>
		<subfield code="c">200406161022</subfield>
		<subfield code="d">VLOAD</subfield>
		<subfield code="y">200009270441</subfield>
		<subfield code="z">VLOAD</subfield>
	</datafield>
	<datafield ind1=" " ind2=" " tag="040">
		<subfield code="a">RERO gecaeg</subfield>
	</datafield>
	<datafield ind1=" " ind2="7" tag="072">
		<subfield code="a">s1hs</subfield>
		<subfield code="2">rero</subfield>
	</datafield>
	<datafield ind1=" " ind2="7" tag="072">
		<subfield code="a">s2bt</subfield>
		<subfield code="2">rero</subfield>
	</datafield>
	<datafield ind1="0" ind2="0" tag="245">
		<subfield code="a">Conservazione dei materiali librari archivistici e grafici.</subfield>
		<subfield code="n">Vol. 2 /</subfield>
		<subfield code="c">a cura di Marina Regni e Piera Giovanna Tordella</subfield>
	</datafield>
	<datafield ind1=" " ind2="1" tag="264">
		<subfield code="a">Torino :</subfield>
		<subfield code="b">U. Allemandi,</subfield>
		<subfield code="c">1999</subfield>
	</datafield>
	<datafield ind1=" " ind2=" " tag="300">
		<subfield code="a">420 p. :</subfield>
		<subfield code="b">ill. ;</subfield>
		<subfield code="c">30 cm</subfield>
	</datafield>
	<datafield ind1=" " ind2=" " tag="336">
		<subfield code="b">txt</subfield>
		<subfield code="2">rdacontent</subfield>
	</datafield>
	<datafield ind1=" " ind2=" " tag="337">
		<subfield code="b">n</subfield>
		<subfield code="2">rdamedia</subfield>
	</datafield>
	<datafield ind1=" " ind2=" " tag="338">
		<subfield code="b">nc</subfield>
		<subfield code="2">rdacarrier</subfield>
	</datafield>
	<datafield ind1=" " ind2=" " tag="339">
		<subfield code="a">docmaintype_book</subfield>
		<subfield code="b">docsubtype_other_book</subfield>
	</datafield>
	<datafield ind1="1" ind2=" " tag="490">
		<subfield code="a">Documenti</subfield>
		<subfield code="v">3</subfield>
	</datafield>
	<datafield ind1=" " ind2="7" tag="650">
		<subfield code="a">livre</subfield>
		<subfield code="2">rerovoc</subfield>
	</datafield>
	<datafield ind1=" " ind2="7" tag="650">
		<subfield code="a">restauration (remise en état)</subfield>
		<subfield code="2">rerovoc</subfield>
	</datafield>
	<datafield ind1=" " ind2="7" tag="650">
		<subfield code="a">Photographie</subfield>
		<subfield code="2">rero</subfield>
	</datafield>
	<datafield ind1=" " ind2="7" tag="650">
		<subfield code="a">photographie - conservation</subfield>
		<subfield code="2">rerovoc</subfield>
	</datafield>
	<datafield ind1=" " ind2="7" tag="650">
		<subfield code="a">Archives</subfield>
		<subfield code="2">rero</subfield>
	</datafield>
	<datafield ind1=" " ind2="7" tag="650">
		<subfield code="a">Conservation et restauration</subfield>
		<subfield code="2">rero</subfield>
	</datafield>
	<datafield ind1=" " ind2="7" tag="650">
		<subfield code="a">Livres</subfield>
		<subfield code="2">rero</subfield>
	</datafield>
	<datafield ind1=" " ind2="7" tag="655">
		<subfield code="a">[Études diverses]</subfield>
		<subfield code="2">rero</subfield>
	</datafield>
	<datafield ind1="1" ind2=" " tag="700">
		<subfield code="a">Regni, Marina</subfield>
		<subfield code="0">(IdRef)235679704</subfield>
	</datafield>
	<datafield ind1="1" ind2=" " tag="700">
		<subfield code="a">Tordella, Piera Giovanna</subfield>
		<subfield code="0">(IdRef)056779348</subfield>
	</datafield>
	<datafield ind1=" " ind2="0" tag="830">
		<subfield code="a">Documenti.</subfield>
		<subfield code="p">Allemandi</subfield>
		<subfield code="v">3</subfield>
		<subfield code="w">REROILS:2000078</subfield>
	</datafield>
	<datafield ind1=" " ind2=" " tag="900">
		<subfield code="a">noselfmerge</subfield>
	</datafield>
	<datafield ind1=" " ind2=" " tag="902">
		<subfield code="a">arch</subfield>
	</datafield>
	<datafield ind1=" " ind2=" " tag="902">
		<subfield code="a">gecaeg</subfield>
		<subfield code="b">2000/08</subfield>
		<subfield code="c">10</subfield>
	</datafield>
	<datafield ind1=" " ind2=" " tag="919">
		<subfield code="9">650 _7</subfield>
		<subfield code="a">livre</subfield>
		<subfield code="x">restauration (remise en état)</subfield>
		<subfield code="v">[études diverses]</subfield>
		<subfield code="2">chrero</subfield>
	</datafield>
	<datafield ind1=" " ind2=" " tag="919">
		<subfield code="9">650 _7</subfield>
		<subfield code="a">livre - conservation</subfield>
		<subfield code="v">[études diverses]</subfield>
		<subfield code="2">chrero</subfield>
	</datafield>
	<datafield ind1=" " ind2=" " tag="919">
		<subfield code="9">650 _7</subfield>
		<subfield code="a">photographie</subfield>
		<subfield code="x">restauration (remise en état)</subfield>
		<subfield code="v">[études diverses]</subfield>
		<subfield code="2">chrero</subfield>
	</datafield>
	<datafield ind1=" " ind2=" " tag="919">
		<subfield code="9">650 _7</subfield>
		<subfield code="a">photographie - conservation</subfield>
		<subfield code="v">[études diverses]</subfield>
		<subfield code="2">chrero</subfield>
	</datafield>
	<datafield ind1=" " ind2=" " tag="919">
		<subfield code="9">650 _7</subfield>
		<subfield code="a">archives - conservation</subfield>
		<subfield code="v">[études diverses]</subfield>
		<subfield code="2">chrero</subfield>
	</datafield>
	<datafield ind1=" " ind2=" " tag="919">
		<subfield code="9">650 _7</subfield>
		<subfield code="a">archives</subfield>
		<subfield code="x">restauration (remise en état)</subfield>
		<subfield code="v">[études diverses]</subfield>
		<subfield code="2">chrero</subfield>
	</datafield>
	<datafield ind1=" " ind2=" " tag="957">
		<subfield code="a">gecaeg</subfield>
	</datafield>
	<datafield ind1=" " ind2=" " tag="992">
		<subfield code="a">AEG C 489</subfield>
		<subfield code="x">ge/caeg/a/2000/307</subfield>
	</datafield>
</record>