

<record>
	<leader>00903nam a2200301 a 4500</leader>
	<controlfield tag="001">REROILS:263</controlfield>
	<controlfield tag="003">RERO</controlfield>
	<controlfield tag="005">20170520203200.0</controlfield>
	<controlfield tag="008">160218s2014    gw ||| |  ||||00|  |ger d</controlfield>
	<datafield ind1=" " ind2=" " tag="020">
		<subfield code="a">9783833828362</subfield>
	</datafield>
	<datafield ind1=" " ind2=" " tag="035">
		<subfield code="a">R008368629</subfield>
	</datafield>
	<datafield ind1=" " ind2="9" tag="039">
		<subfield code="a">201705202032</subfield>
		<subfield code="b">VLOAD</subfield>
		<subfield code="y">201602180824</subfield>
		<subfield code="z">1152</subfield>
	</datafield>
	<datafield ind1=" " ind2=" " tag="040">
		<subfield code="a">RERO vsgbna</subfield>
	</datafield>
	<datafield ind1=" " ind2="7" tag="072">
		<subfield code="a">s1bo</subfield>
		<subfield code="2">rero</subfield>
	</datafield>
	<datafield ind1="1" ind2=" " tag="100">
		<subfield code="a">Siewert, Aruna M.</subfield>
		<subfield code="4">cre</subfield>
		<subfield code="0">(IdRef)18609809X</subfield>
	</datafield>
	<datafield ind1="1" ind2="0" tag="245">
		<subfield code="a">Pflanzliche Antibiotika :</subfield>
		<subfield code="b">Geheimwaffen aus der Natur /</subfield>
		<subfield code="c">Aruna M. Siewert</subfield>
	</datafield>
	<datafield ind1=" " ind2=" " tag="250">
		<subfield code="a">4. Aufl.</subfield>
	</datafield>
	<datafield ind1=" " ind2="1" tag="264">
		<subfield code="a">München :</subfield>
		<subfield code="b">Gräfe und Unzer,</subfield>
		<subfield code="c">2014</subfield>
	</datafield>
	<datafield ind1=" " ind2=" " tag="300">
		<subfield code="a">127  S. :</subfield>
		<subfield code="b">Ill.</subfield>
	</datafield>
	<datafield ind1=" " ind2=" " tag="336">
		<subfield code="b">txt</subfield>
		<subfield code="2">rdacontent</subfield>
	</datafield>
	<datafield ind1=" " ind2=" " tag="337">
		<subfield code="b">n</subfield>
		<subfield code="2">rdamedia</subfield>
	</datafield>
	<datafield ind1=" " ind2=" " tag="338">
		<subfield code="b">nc</subfield>
		<subfield code="2">rdacarrier</subfield>
	</datafield>
	<datafield ind1=" " ind2=" " tag="339">
		<subfield code="a">docmaintype_book</subfield>
		<subfield code="b">docsubtype_other_book</subfield>
	</datafield>
	<datafield ind1=" " ind2=" " tag="900">
		<subfield code="a">noselfmerge</subfield>
	</datafield>
	<datafield ind1=" " ind2=" " tag="906">
		<subfield code="a">vsgbna</subfield>
		<subfield code="b">2016/02</subfield>
		<subfield code="c">05</subfield>
	</datafield>
	<datafield ind1=" " ind2=" " tag="973">
		<subfield code="a">vsgbna</subfield>
	</datafield>
	<datafield ind1=" " ind2=" " tag="986">
		<subfield code="2">cdu-vsgbna</subfield>
		<subfield code="a">615.3</subfield>
	</datafield>
</record>