

<record>
	<leader>01142nam a2200349 a 4500</leader>
	<controlfield tag="001">REROILS:174</controlfield>
	<controlfield tag="003">RERO</controlfield>
	<controlfield tag="005">20200127114200.0</controlfield>
	<controlfield tag="008">040116s2003    fr ||| |  ||||00|  |fre d</controlfield>
	<datafield ind1=" " ind2=" " tag="020">
		<subfield code="a">9782080708489</subfield>
	</datafield>
	<datafield ind1=" " ind2=" " tag="035">
		<subfield code="a">R003569321</subfield>
	</datafield>
	<datafield ind1=" " ind2="9" tag="039">
		<subfield code="a">202001271142</subfield>
		<subfield code="b">AUTHORITY</subfield>
		<subfield code="c">201710131222</subfield>
		<subfield code="d">AUTHORITY</subfield>
		<subfield code="c">201710131212</subfield>
		<subfield code="d">AUTHORITY</subfield>
		<subfield code="c">201710131133</subfield>
		<subfield code="d">AUTHORITY</subfield>
		<subfield code="y">200401161357</subfield>
		<subfield code="z">4301</subfield>
	</datafield>
	<datafield ind1=" " ind2=" " tag="040">
		<subfield code="a">RERO neubfl</subfield>
	</datafield>
	<datafield ind1="1" ind2=" " tag="041">
		<subfield code="a">fre</subfield>
		<subfield code="h">grc</subfield>
	</datafield>
	<datafield ind1=" " ind2="7" tag="072">
		<subfield code="a">s1ph</subfield>
		<subfield code="2">rero</subfield>
	</datafield>
	<datafield ind1="0" ind2=" " tag="100">
		<subfield code="a">Plato,</subfield>
		<subfield code="d">ca. 427- ca. 348 av. J.-C</subfield>
		<subfield code="4">cre</subfield>
	</datafield>
	<datafield ind1="1" ind2="0" tag="245">
		<subfield code="a">Apologie de Socrate ;</subfield>
		<subfield code="b">Criton /</subfield>
		<subfield code="c">Platon ; trad. inédites, introd. et notes par Luc Brisson</subfield>
	</datafield>
	<datafield ind1=" " ind2="1" tag="264">
		<subfield code="a">Paris :</subfield>
		<subfield code="b">GF Flammarion,</subfield>
		<subfield code="c">2003</subfield>
	</datafield>
	<datafield ind1=" " ind2=" " tag="300">
		<subfield code="a">262 p. ;</subfield>
		<subfield code="c">18 cm</subfield>
	</datafield>
	<datafield ind1=" " ind2=" " tag="336">
		<subfield code="b">txt</subfield>
		<subfield code="2">rdacontent</subfield>
	</datafield>
	<datafield ind1=" " ind2=" " tag="337">
		<subfield code="b">n</subfield>
		<subfield code="2">rdamedia</subfield>
	</datafield>
	<datafield ind1=" " ind2=" " tag="338">
		<subfield code="b">nc</subfield>
		<subfield code="2">rdacarrier</subfield>
	</datafield>
	<datafield ind1=" " ind2=" " tag="339">
		<subfield code="a">docmaintype_book</subfield>
		<subfield code="b">docsubtype_other_book</subfield>
	</datafield>
	<datafield ind1="1" ind2=" " tag="490">
		<subfield code="a">Texte intégral</subfield>
		<subfield code="v">848</subfield>
	</datafield>
	<datafield ind1=" " ind2=" " tag="500">
		<subfield code="a">Titre conventionnel: Apologia Socratis</subfield>
	</datafield>
	<datafield ind1="1" ind2=" " tag="700">
		<subfield code="a">Brisson, Luc</subfield>
	</datafield>
	<datafield ind1="0" ind2="2" tag="700">
		<subfield code="a">Plato,</subfield>
		<subfield code="d">ca. 427- ca. 348 av. J.-C.. -</subfield>
		<subfield code="t">Criton</subfield>
	</datafield>
	<datafield ind1=" " ind2="0" tag="830">
		<subfield code="a">GF Texte intégral</subfield>
		<subfield code="v">848</subfield>
		<subfield code="w">REROILS:2000079</subfield>
	</datafield>
	<datafield ind1=" " ind2=" " tag="900">
		<subfield code="a">noselfmerge</subfield>
	</datafield>
	<datafield ind1=" " ind2=" " tag="962">
		<subfield code="a">neubfl</subfield>
	</datafield>
</record>