

<record>
	<leader>00870cam a2200301 aa4500</leader>
	<controlfield tag="001">REROILS:276</controlfield>
	<controlfield tag="003">RERO</controlfield>
	<controlfield tag="005">20170517095900.0</controlfield>
	<controlfield tag="008">881124s1988    sp |||||| ||||00|| |spa d</controlfield>
	<datafield ind1=" " ind2=" " tag="019">
		<subfield code="a">Niveau supérieur !</subfield>
		<subfield code="9">rero/10.2004</subfield>
	</datafield>
	<datafield ind1=" " ind2=" " tag="020">
		<subfield code="a">9788450080759</subfield>
	</datafield>
	<datafield ind1=" " ind2=" " tag="035">
		<subfield code="a">1046229</subfield>
	</datafield>
	<datafield ind1=" " ind2="9" tag="039">
		<subfield code="a">201705170959</subfield>
		<subfield code="b">VLOAD</subfield>
		<subfield code="c">201704011533</subfield>
		<subfield code="d">VLOAD</subfield>
		<subfield code="c">200812231315</subfield>
		<subfield code="d">VLOAD</subfield>
		<subfield code="c">200812230756</subfield>
		<subfield code="d">VLOAD</subfield>
		<subfield code="y">1999022810240000</subfield>
		<subfield code="z">load</subfield>
	</datafield>
	<datafield ind1=" " ind2=" " tag="040">
		<subfield code="a">RERO labcud</subfield>
	</datafield>
	<datafield ind1=" " ind2="7" tag="072">
		<subfield code="a">s1es</subfield>
		<subfield code="2">rero</subfield>
	</datafield>
	<datafield ind1="0" ind2="0" tag="245">
		<subfield code="a">Poema de Mio Cid</subfield>
	</datafield>
	<datafield ind1=" " ind2=" " tag="250">
		<subfield code="a">[2a ed.]</subfield>
	</datafield>
	<datafield ind1=" " ind2="1" tag="264">
		<subfield code="a">Burgos :</subfield>
		<subfield code="b">Ayuntamiento de Burgos,</subfield>
		<subfield code="c">1988</subfield>
	</datafield>
	<datafield ind1=" " ind2=" " tag="300">
		<subfield code="a">2 vol. :</subfield>
		<subfield code="b">ill. ;</subfield>
		<subfield code="c">25 cm</subfield>
	</datafield>
	<datafield ind1=" " ind2=" " tag="336">
		<subfield code="b">txt</subfield>
		<subfield code="2">rdacontent</subfield>
	</datafield>
	<datafield ind1=" " ind2=" " tag="337">
		<subfield code="b">n</subfield>
		<subfield code="2">rdamedia</subfield>
	</datafield>
	<datafield ind1=" " ind2=" " tag="338">
		<subfield code="b">nc</subfield>
		<subfield code="2">rdacarrier</subfield>
	</datafield>
	<datafield ind1=" " ind2=" " tag="339">
		<subfield code="a">docmaintype_book</subfield>
		<subfield code="b">docsubtype_other_book</subfield>
	</datafield>
	<datafield ind1="0" ind2=" " tag="730">
		<subfield code="a">Poema del Cid.</subfield>
		<subfield code="l">Espagnol</subfield>
	</datafield>
	<datafield ind1=" " ind2=" " tag="900">
		<subfield code="a">noselfmerge</subfield>
	</datafield>
	<datafield ind1=" " ind2=" " tag="957">
		<subfield code="a">geules</subfield>
	</datafield>
	<datafield ind1=" " ind2=" " tag="982">
		<subfield code="2">ge-ules</subfield>
		<subfield code="a">5/T*Cid</subfield>
	</datafield>
	<datafield ind1=" " ind2=" " tag="992">
		<subfield code="a">BFLA 35602</subfield>
		<subfield code="x">ge/ules/a/88/215</subfield>
	</datafield>
</record>