

<record>
	<leader>01345naa a2200385 a 4500</leader>
	<controlfield tag="001">REROILS:237</controlfield>
	<controlfield tag="003">RERO</controlfield>
	<controlfield tag="005">20190618143600.0</controlfield>
	<controlfield tag="008">110719s1854    gw ||| |  ||||00|| |ger d</controlfield>
	<datafield ind1=" " ind2=" " tag="035">
		<subfield code="a">R006107221</subfield>
	</datafield>
	<datafield ind1=" " ind2="7" tag="039">
		<subfield code="b">3306</subfield>
	</datafield>
	<datafield ind1=" " ind2="9" tag="039">
		<subfield code="a">201906181436</subfield>
		<subfield code="b">VLOAD</subfield>
		<subfield code="c">201811162250</subfield>
		<subfield code="d">VLOAD</subfield>
		<subfield code="c">201805041331</subfield>
		<subfield code="d">VLOAD</subfield>
		<subfield code="c">201706110914</subfield>
		<subfield code="d">VLOAD</subfield>
		<subfield code="y">201107191537</subfield>
		<subfield code="z">3312</subfield>
	</datafield>
	<datafield ind1=" " ind2=" " tag="040">
		<subfield code="a">RERO nebpun</subfield>
	</datafield>
	<datafield ind1=" " ind2="7" tag="072">
		<subfield code="a">s1bo</subfield>
		<subfield code="2">rero</subfield>
	</datafield>
	<datafield ind1="1" ind2=" " tag="100">
		<subfield code="a">Pringsheim, Nathanael</subfield>
		<subfield code="4">cre</subfield>
		<subfield code="0">(IdRef)092363830</subfield>
	</datafield>
	<datafield ind1="1" ind2="0" tag="245">
		<subfield code="a">Untersuchungen über den Bau und die Bildung der Pflanzenzelle /</subfield>
		<subfield code="c">von N. Pringsheim</subfield>
	</datafield>
	<datafield ind1=" " ind2="1" tag="264">
		<subfield code="a">Berlin :</subfield>
		<subfield code="b">A. Hirschwald,</subfield>
		<subfield code="c">1854</subfield>
	</datafield>
	<datafield ind1=" " ind2=" " tag="300">
		<subfield code="a">90 p., 4 f. de pl.</subfield>
	</datafield>
	<datafield ind1=" " ind2=" " tag="336">
		<subfield code="b">txt</subfield>
		<subfield code="2">rdacontent</subfield>
	</datafield>
	<datafield ind1=" " ind2=" " tag="337">
		<subfield code="b">n</subfield>
		<subfield code="2">rdamedia</subfield>
	</datafield>
	<datafield ind1=" " ind2=" " tag="338">
		<subfield code="b">nc</subfield>
		<subfield code="2">rdacarrier</subfield>
	</datafield>
	<datafield ind1=" " ind2=" " tag="339">
		<subfield code="a">docmaintype_article</subfield>
	</datafield>
	<datafield ind1=" " ind2=" " tag="500">
		<subfield code="a">Seul le vol. 1 portant le titre &quot;Grundlinien einer Theorie der Pflanzenzelle&quot; a paru</subfield>
	</datafield>
	<datafield ind1=" " ind2="7" tag="650">
		<subfield code="a">Cellules végétales</subfield>
		<subfield code="2">rero</subfield>
	</datafield>
	<datafield ind1=" " ind2=" " tag="900">
		<subfield code="a">noselfmerge</subfield>
	</datafield>
	<datafield ind1=" " ind2=" " tag="902">
		<subfield code="a">recatge04</subfield>
	</datafield>
	<datafield ind1=" " ind2=" " tag="919">
		<subfield code="9">650 _7</subfield>
		<subfield code="a">cellule végétale</subfield>
		<subfield code="2">chrero</subfield>
	</datafield>
	<datafield ind1=" " ind2=" " tag="932">
		<subfield code="a">gevcjb400543</subfield>
	</datafield>
	<datafield ind1=" " ind2=" " tag="957">
		<subfield code="a">gevcjb</subfield>
	</datafield>
	<datafield ind1=" " ind2=" " tag="962">
		<subfield code="a">nebpun</subfield>
	</datafield>
	<datafield ind1=" " ind2=" " tag="982">
		<subfield code="2">cdu-gevcjb</subfield>
		<subfield code="a">Mél/10/27/14</subfield>
	</datafield>
	<datafield ind1=" " ind2=" " tag="982">
		<subfield code="2">cdu-gevcjb</subfield>
		<subfield code="a">Mél/24/6</subfield>
	</datafield>
	<datafield ind1=" " ind2=" " tag="992">
		<subfield code="a">BOTI 27883</subfield>
		<subfield code="x">ge/vcjb/x</subfield>
	</datafield>
	<datafield ind1=" " ind2=" " tag="994">
		<subfield code="a">BPUN ZA 333</subfield>
		<subfield code="x">ne/bpun/w/26900</subfield>
	</datafield>
</record>