

<record>
	<leader>00599nas a22002177a 4500</leader>
	<controlfield tag="001">REROILS:2000071</controlfield>
	<controlfield tag="003">RERO</controlfield>
	<controlfield tag="005">20200117015400.0</controlfield>
	<controlfield tag="008">960525u        xx |||m|| ||||0 || 0und d</controlfield>
	<datafield ind1=" " ind2=" " tag="035">
		<subfield code="a">0381359</subfield>
	</datafield>
	<datafield ind1=" " ind2="9" tag="039">
		<subfield code="a">202001170154</subfield>
		<subfield code="b">VLOAD</subfield>
		<subfield code="c">201705160924</subfield>
		<subfield code="d">VLOAD</subfield>
		<subfield code="c">200605280144</subfield>
		<subfield code="d">VLOAD</subfield>
		<subfield code="y">1999022719020000</subfield>
		<subfield code="z">load</subfield>
	</datafield>
	<datafield ind1=" " ind2=" " tag="040">
		<subfield code="a">RERO</subfield>
	</datafield>
	<datafield ind1="0" ind2="0" tag="245">
		<subfield code="a">Penguin Reference Books</subfield>
	</datafield>
	<datafield ind1=" " ind2="1" tag="264">
		<subfield code="a">Harmondsworth ;</subfield>
		<subfield code="a">New York :</subfield>
		<subfield code="b">Penguin books</subfield>
	</datafield>
	<datafield ind1=" " ind2=" " tag="336">
		<subfield code="b">txt</subfield>
		<subfield code="2">rdacontent</subfield>
	</datafield>
	<datafield ind1=" " ind2=" " tag="337">
		<subfield code="b">n</subfield>
		<subfield code="2">rdamedia</subfield>
	</datafield>
	<datafield ind1=" " ind2=" " tag="338">
		<subfield code="b">nc</subfield>
		<subfield code="2">rdacarrier</subfield>
	</datafield>
	<datafield ind1=" " ind2=" " tag="339">
		<subfield code="a">docmaintype_series</subfield>
	</datafield>
	<datafield ind1=" " ind2=" " tag="500">
		<subfield code="a">Y.c. les séries</subfield>
	</datafield>
	<datafield ind1=" " ind2=" " tag="900">
		<subfield code="a">noselfmerge</subfield>
	</datafield>
	<datafield ind1=" " ind2=" " tag="900">
		<subfield code="a">reroslsp</subfield>
	</datafield>
</record>