

<record>
	<leader>02263cas a2200625 a 4500</leader>
	<controlfield tag="001">REROILS:2000042</controlfield>
	<controlfield tag="003">RERO</controlfield>
	<controlfield tag="005">20200519125700.0</controlfield>
	<controlfield tag="008">000906c18779999xxu|||p|| ||||0 || 0eng d</controlfield>
	<datafield ind1=" " ind2=" " tag="022">
		<subfield code="a">0077-8923</subfield>
	</datafield>
	<datafield ind1=" " ind2=" " tag="035">
		<subfield code="a">0134305</subfield>
	</datafield>
	<datafield ind1=" " ind2=" " tag="039">
		<subfield code="b">3313c</subfield>
		<subfield code="b">0024c</subfield>
		<subfield code="b">0006i</subfield>
	</datafield>
	<datafield ind1=" " ind2="9" tag="039">
		<subfield code="a">202005191257</subfield>
		<subfield code="b">VLOAD</subfield>
		<subfield code="c">201912081832</subfield>
		<subfield code="d">VLOAD</subfield>
		<subfield code="c">201911201207</subfield>
		<subfield code="d">AUTHORITY</subfield>
		<subfield code="c">201907051220</subfield>
		<subfield code="d">VLOAD</subfield>
		<subfield code="y">1999022713260000</subfield>
		<subfield code="z">load</subfield>
	</datafield>
	<datafield ind1=" " ind2=" " tag="040">
		<subfield code="a">RERO</subfield>
	</datafield>
	<datafield ind1=" " ind2="7" tag="072">
		<subfield code="a">s1sg</subfield>
		<subfield code="2">rero</subfield>
	</datafield>
	<datafield ind1=" " ind2="7" tag="072">
		<subfield code="a">s2se</subfield>
		<subfield code="2">rero</subfield>
	</datafield>
	<datafield ind1="1" ind2="0" tag="210">
		<subfield code="a">Ann. N.Y. Acad. Sci.</subfield>
	</datafield>
	<datafield ind1="0" ind2="0" tag="245">
		<subfield code="a">Annals of the New York Academy of Sciences</subfield>
	</datafield>
	<datafield ind1=" " ind2="1" tag="264">
		<subfield code="a">New York :</subfield>
		<subfield code="b">New York Academy of Sciences</subfield>
	</datafield>
	<datafield ind1=" " ind2=" " tag="300">
		<subfield code="c">24 cm</subfield>
	</datafield>
	<datafield ind1=" " ind2=" " tag="310">
		<subfield code="a">Irrégulier</subfield>
	</datafield>
	<datafield ind1=" " ind2=" " tag="336">
		<subfield code="b">txt</subfield>
		<subfield code="2">rdacontent</subfield>
	</datafield>
	<datafield ind1=" " ind2=" " tag="337">
		<subfield code="b">n</subfield>
		<subfield code="2">rdamedia</subfield>
	</datafield>
	<datafield ind1=" " ind2=" " tag="338">
		<subfield code="b">nc</subfield>
		<subfield code="2">rdacarrier</subfield>
	</datafield>
	<datafield ind1=" " ind2=" " tag="339">
		<subfield code="a">docmaintype_serial</subfield>
	</datafield>
	<datafield ind1="0" ind2=" " tag="362">
		<subfield code="a">Vol. 1(1877/79)-&gt;</subfield>
	</datafield>
	<datafield ind1=" " ind2=" " tag="500">
		<subfield code="a">Les vol. ne paraissent pas dans l'ordre numérique</subfield>
	</datafield>
	<datafield ind1=" " ind2=" " tag="580">
		<subfield code="a">Fait suite à: Annals of the Lyceum of natural history of New York</subfield>
	</datafield>
	<datafield ind1=" " ind2=" " tag="580">
		<subfield code="a">De janvier 1899 à octobre 1938 contient: Transactions of the New York Academy of Sciences</subfield>
	</datafield>
	<datafield ind1=" " ind2="2" tag="650">
		<subfield code="a">Science</subfield>
	</datafield>
	<datafield ind1=" " ind2="2" tag="650">
		<subfield code="a">Research</subfield>
	</datafield>
	<datafield ind1=" " ind2="7" tag="650">
		<subfield code="a">Sciences naturelles</subfield>
		<subfield code="2">rero</subfield>
	</datafield>
	<datafield ind1=" " ind2="7" tag="650">
		<subfield code="a">Sciences</subfield>
		<subfield code="2">rero</subfield>
	</datafield>
	<datafield ind1=" " ind2="2" tag="655">
		<subfield code="a">Periodical</subfield>
	</datafield>
	<datafield ind1=" " ind2="7" tag="655">
		<subfield code="a">[Périodiques]</subfield>
		<subfield code="2">rero</subfield>
	</datafield>
	<datafield ind1="2" ind2=" " tag="710">
		<subfield code="a">New York Academy of Sciences</subfield>
		<subfield code="0">(IdRef)027925218</subfield>
	</datafield>
	<datafield ind1="1" ind2=" " tag="777">
		<subfield code="t">Transactions of the New York Academy of Sciences</subfield>
		<subfield code="w">REROILS:2000082</subfield>
	</datafield>
	<datafield ind1="1" ind2="0" tag="780">
		<subfield code="t">Annals of the Lyceum of natural history of New York</subfield>
		<subfield code="w">REROILS:2000083</subfield>
	</datafield>
	<datafield ind1=" " ind2=" " tag="900">
		<subfield code="a">noselfmerge</subfield>
	</datafield>
	<datafield ind1=" " ind2=" " tag="919">
		<subfield code="9">650 _7</subfield>
		<subfield code="a">science</subfield>
		<subfield code="v">[périodique]</subfield>
		<subfield code="2">chrero</subfield>
	</datafield>
	<datafield ind1=" " ind2=" " tag="919">
		<subfield code="9">650 _7</subfield>
		<subfield code="a">sciences naturelles</subfield>
		<subfield code="v">[périodique]</subfield>
		<subfield code="2">chrero</subfield>
	</datafield>
	<datafield ind1=" " ind2=" " tag="953">
		<subfield code="a">ifisdc</subfield>
	</datafield>
	<datafield ind1=" " ind2=" " tag="956">
		<subfield code="a">frbcuc</subfield>
	</datafield>
	<datafield ind1=" " ind2=" " tag="957">
		<subfield code="a">geucmu geudbu geussc</subfield>
	</datafield>
	<datafield ind1=" " ind2=" " tag="962">
		<subfield code="a">nebpun neusbi</subfield>
	</datafield>
	<datafield ind1=" " ind2=" " tag="980">
		<subfield code="2">dr-sys</subfield>
		<subfield code="a">CB/USA 58.5 e</subfield>
	</datafield>
	<datafield ind1=" " ind2=" " tag="983">
		<subfield code="2">isdc</subfield>
		<subfield code="a">CB/USA 58.5 e FOPP 1980</subfield>
	</datafield>
	<datafield ind1=" " ind2=" " tag="992">
		<subfield code="a">DBUP 1441</subfield>
		<subfield code="x">ge/udbu/d</subfield>
	</datafield>
	<datafield ind1=" " ind2=" " tag="992">
		<subfield code="a">BSCP 55</subfield>
		<subfield code="x">ge/ussc/a/34</subfield>
	</datafield>
	<datafield ind1=" " ind2=" " tag="992">
		<subfield code="a">BFLP 163</subfield>
		<subfield code="x">ge/ulan/a/flt50442</subfield>
	</datafield>
	<datafield ind1=" " ind2=" " tag="993">
		<subfield code="a">ISDC 17255</subfield>
		<subfield code="x">la/isdc/a/</subfield>
	</datafield>
	<datafield ind1=" " ind2=" " tag="994">
		<subfield code="a">PV 268</subfield>
		<subfield code="x">ne/snat/x</subfield>
	</datafield>
	<datafield ind1=" " ind2=" " tag="994">
		<subfield code="a">-</subfield>
		<subfield code="x">ne/uses/a/ Vol. 280</subfield>
	</datafield>
	<datafield ind1=" " ind2=" " tag="994">
		<subfield code="a">-</subfield>
		<subfield code="x">ne/us--/a/ vol. 388 (1982) vol. 539 (1988)</subfield>
	</datafield>
</record>