

<record>
	<leader>00686nas a22002537a 4500</leader>
	<controlfield tag="001">REROILS:2000050</controlfield>
	<controlfield tag="003">RERO</controlfield>
	<controlfield tag="005">20180419074300.0</controlfield>
	<controlfield tag="008">960525c1951    xx |||m|| ||||0 || 0und d</controlfield>
	<datafield ind1=" " ind2=" " tag="019">
		<subfield code="a">Pas suite BGE</subfield>
		<subfield code="9">reg/1985</subfield>
	</datafield>
	<datafield ind1=" " ind2=" " tag="035">
		<subfield code="a">0045816</subfield>
	</datafield>
	<datafield ind1=" " ind2="9" tag="039">
		<subfield code="a">201804190743</subfield>
		<subfield code="b">VLOAD</subfield>
		<subfield code="c">201705151507</subfield>
		<subfield code="d">VLOAD</subfield>
		<subfield code="c">200908152052</subfield>
		<subfield code="d">VLOAD</subfield>
		<subfield code="c">200812212228</subfield>
		<subfield code="d">VLOAD</subfield>
		<subfield code="y">1999022711010000</subfield>
		<subfield code="z">load</subfield>
	</datafield>
	<datafield ind1=" " ind2=" " tag="040">
		<subfield code="a">RERO</subfield>
	</datafield>
	<datafield ind1="0" ind2="0" tag="245">
		<subfield code="a">Bibliothek Suhrkamp</subfield>
	</datafield>
	<datafield ind1=" " ind2="1" tag="264">
		<subfield code="a">Frankfurt am Main :</subfield>
		<subfield code="b">Suhrkamp,</subfield>
		<subfield code="c">1951-</subfield>
	</datafield>
	<datafield ind1=" " ind2=" " tag="300">
		<subfield code="c">18 cm</subfield>
	</datafield>
	<datafield ind1=" " ind2=" " tag="336">
		<subfield code="b">txt</subfield>
		<subfield code="2">rdacontent</subfield>
	</datafield>
	<datafield ind1=" " ind2=" " tag="337">
		<subfield code="b">n</subfield>
		<subfield code="2">rdamedia</subfield>
	</datafield>
	<datafield ind1=" " ind2=" " tag="338">
		<subfield code="b">nc</subfield>
		<subfield code="2">rdacarrier</subfield>
	</datafield>
	<datafield ind1=" " ind2=" " tag="339">
		<subfield code="a">docmaintype_series</subfield>
	</datafield>
	<datafield ind1="0" ind2=" " tag="362">
		<subfield code="a">Bd. 1-</subfield>
	</datafield>
	<datafield ind1=" " ind2=" " tag="900">
		<subfield code="a">noselfmerge</subfield>
	</datafield>
	<datafield ind1=" " ind2=" " tag="900">
		<subfield code="a">reroslsp</subfield>
	</datafield>
	<datafield ind1=" " ind2=" " tag="973">
		<subfield code="a">vsbcvs</subfield>
	</datafield>
</record>