

<record>
	<leader>01344nam a2200397 a 4500</leader>
	<controlfield tag="001">REROILS:2000022</controlfield>
	<controlfield tag="003">RERO</controlfield>
	<controlfield tag="005">20191208181400.0</controlfield>
	<controlfield tag="008">000717s1911    fr |||||| ||||00|| |fre d</controlfield>
	<datafield ind1="7" ind2=" " tag="024">
		<subfield code="a">http://catalogue.bnf.fr/ark:/12148/cb31221835c</subfield>
		<subfield code="2">uri</subfield>
	</datafield>
	<datafield ind1=" " ind2=" " tag="035">
		<subfield code="a">0101590</subfield>
	</datafield>
	<datafield ind1=" " ind2="7" tag="039">
		<subfield code="b">7131</subfield>
	</datafield>
	<datafield ind1=" " ind2="9" tag="039">
		<subfield code="a">201912081814</subfield>
		<subfield code="b">VLOAD</subfield>
		<subfield code="c">201705151612</subfield>
		<subfield code="d">VLOAD</subfield>
		<subfield code="c">201703271504</subfield>
		<subfield code="d">VLOAD</subfield>
		<subfield code="c">201510021520</subfield>
		<subfield code="d">VLOAD</subfield>
		<subfield code="y">1999022712320000</subfield>
		<subfield code="z">load</subfield>
	</datafield>
	<datafield ind1=" " ind2=" " tag="040">
		<subfield code="a">RERO</subfield>
	</datafield>
	<datafield ind1="0" ind2=" " tag="041">
		<subfield code="a">fre</subfield>
		<subfield code="a">ger</subfield>
	</datafield>
	<datafield ind1=" " ind2="7" tag="072">
		<subfield code="a">s1py</subfield>
		<subfield code="2">rero</subfield>
	</datafield>
	<datafield ind1="1" ind2=" " tag="100">
		<subfield code="a">Ritz, Walther</subfield>
		<subfield code="4">cre</subfield>
		<subfield code="0">(IdRef)035000457</subfield>
	</datafield>
	<datafield ind1="1" ind2="0" tag="245">
		<subfield code="a">Gesammelte Werke =</subfield>
		<subfield code="b">Oeuvres /</subfield>
		<subfield code="c">Walther Ritz ; publ. par la Société suisse de physique</subfield>
	</datafield>
	<datafield ind1=" " ind2="1" tag="264">
		<subfield code="a">Paris :</subfield>
		<subfield code="b">Gauthier-Villars,</subfield>
		<subfield code="c">1911</subfield>
	</datafield>
	<datafield ind1=" " ind2=" " tag="300">
		<subfield code="a">XXII, 541 p. :</subfield>
		<subfield code="b">fig. ;</subfield>
		<subfield code="c">25 cm</subfield>
	</datafield>
	<datafield ind1=" " ind2=" " tag="336">
		<subfield code="b">txt</subfield>
		<subfield code="2">rdacontent</subfield>
	</datafield>
	<datafield ind1=" " ind2=" " tag="337">
		<subfield code="b">n</subfield>
		<subfield code="2">rdamedia</subfield>
	</datafield>
	<datafield ind1=" " ind2=" " tag="338">
		<subfield code="b">nc</subfield>
		<subfield code="2">rdacarrier</subfield>
	</datafield>
	<datafield ind1=" " ind2=" " tag="339">
		<subfield code="a">docmaintype_book</subfield>
		<subfield code="b">docsubtype_other_book</subfield>
	</datafield>
	<datafield ind1="1" ind2="7" tag="600">
		<subfield code="a">Ritz, Walther</subfield>
		<subfield code="2">rero</subfield>
		<subfield code="0">(IdRef)035000457</subfield>
	</datafield>
	<datafield ind1="2" ind2=" " tag="710">
		<subfield code="a">Société suisse de physique</subfield>
	</datafield>
	<datafield ind1=" " ind2=" " tag="900">
		<subfield code="a">noselfmerge</subfield>
	</datafield>
	<datafield ind1=" " ind2=" " tag="906">
		<subfield code="a">bvs</subfield>
	</datafield>
	<datafield ind1=" " ind2=" " tag="957">
		<subfield code="a">geussc gevbge gevmhs</subfield>
	</datafield>
	<datafield ind1=" " ind2=" " tag="973">
		<subfield code="a">vsbcvs</subfield>
	</datafield>
	<datafield ind1=" " ind2=" " tag="982">
		<subfield code="2">cdu-gevmhs</subfield>
		<subfield code="a">530 RIT</subfield>
	</datafield>
	<datafield ind1=" " ind2=" " tag="982">
		<subfield code="2">cdu-sys-geussc</subfield>
		<subfield code="a">53(09)</subfield>
	</datafield>
	<datafield ind1=" " ind2=" " tag="992">
		<subfield code="a">MHS 530 RIT</subfield>
		<subfield code="x">ge/vmhs/w</subfield>
	</datafield>
	<datafield ind1=" " ind2=" " tag="992">
		<subfield code="a">PHYA 10518</subfield>
		<subfield code="x">ge/ussp/a/6538</subfield>
	</datafield>
	<datafield ind1=" " ind2=" " tag="992">
		<subfield code="a">PHYA 10518+1</subfield>
		<subfield code="x">ge/ussp/d/23290</subfield>
	</datafield>
</record>