

<record>
	<leader>00733nas a22002417a 4500</leader>
	<controlfield tag="001">REROILS:2000039</controlfield>
	<controlfield tag="003">RERO</controlfield>
	<controlfield tag="005">20170516111200.0</controlfield>
	<controlfield tag="008">850722u        xx |||m|| ||||0 || 0und d</controlfield>
	<datafield ind1=" " ind2=" " tag="035">
		<subfield code="a">0629278</subfield>
	</datafield>
	<datafield ind1=" " ind2=" " tag="039">
		<subfield code="b">7704</subfield>
		<subfield code="b">8045c</subfield>
	</datafield>
	<datafield ind1=" " ind2="9" tag="039">
		<subfield code="a">201802261736</subfield>
		<subfield code="b">7370</subfield>
		<subfield code="c">201705161112</subfield>
		<subfield code="d">VLOAD</subfield>
		<subfield code="c">200605281302</subfield>
		<subfield code="d">VLOAD</subfield>
		<subfield code="y">1999022800370000</subfield>
		<subfield code="z">load</subfield>
	</datafield>
	<datafield ind1=" " ind2=" " tag="040">
		<subfield code="a">RERO labcud</subfield>
	</datafield>
	<datafield ind1="0" ind2="0" tag="245">
		<subfield code="a">Studi superiori NIS</subfield>
	</datafield>
	<datafield ind1="3" ind2=" " tag="246">
		<subfield code="a">Studi superiori.</subfield>
		<subfield code="p">Carocci</subfield>
	</datafield>
	<datafield ind1=" " ind2="1" tag="264">
		<subfield code="a">Roma :</subfield>
		<subfield code="b">Nuova Italia scientifica :</subfield>
		<subfield code="b">[puis] Carocci</subfield>
	</datafield>
	<datafield ind1=" " ind2=" " tag="336">
		<subfield code="b">txt</subfield>
		<subfield code="2">rdacontent</subfield>
	</datafield>
	<datafield ind1=" " ind2=" " tag="337">
		<subfield code="b">n</subfield>
		<subfield code="2">rdamedia</subfield>
	</datafield>
	<datafield ind1=" " ind2=" " tag="338">
		<subfield code="b">nc</subfield>
		<subfield code="2">rdacarrier</subfield>
	</datafield>
	<datafield ind1=" " ind2=" " tag="339">
		<subfield code="a">docmaintype_series</subfield>
	</datafield>
	<datafield ind1=" " ind2=" " tag="500">
		<subfield code="a">Les séries (sous-collections) ne sont pas cataloguées séparément</subfield>
	</datafield>
	<datafield ind1=" " ind2=" " tag="900">
		<subfield code="a">swissbibnomerge</subfield>
	</datafield>
	<datafield ind1=" " ind2=" " tag="957">
		<subfield code="a">geulha</subfield>
	</datafield>
</record>