

<record>
	<leader>01889nas a2200409 a 4500</leader>
	<controlfield tag="001">REROILS:2000026</controlfield>
	<controlfield tag="003">RERO</controlfield>
	<controlfield tag="005">20190705114700.0</controlfield>
	<controlfield tag="008">960525c18649999gw |||m|| ||||0 || 0grc d</controlfield>
	<datafield ind1=" " ind2=" " tag="019">
		<subfield code="a">NE PAS TENIR COMPTE DES NUMEROS IMPRIMES AU DOS DE LA COUVERTURE ! ILS CORRESPONDENT AU DERNIER MODULE DE L'ISBN</subfield>
		<subfield code="9">16.02.1996/larero/gr</subfield>
	</datafield>
	<datafield ind1=" " ind2=" " tag="019">
		<subfield code="a">BPUN: Collection gérée par le service des acquisitions.</subfield>
		<subfield code="9">10.04.1991/nebpun/ber</subfield>
	</datafield>
	<datafield ind1=" " ind2=" " tag="019">
		<subfield code="a">BPUN: numérotation factice selon l'ordre d'arrivée des volumes.</subfield>
		<subfield code="9">10.04.1991/nebpun/ber</subfield>
	</datafield>
	<datafield ind1=" " ind2=" " tag="019">
		<subfield code="a">Pas suite BGE</subfield>
		<subfield code="9">08.08.1991/gevbpu/bf</subfield>
	</datafield>
	<datafield ind1=" " ind2=" " tag="019">
		<subfield code="a">!!!!! Depuis janvier 2007, la collection est reprise par de Gruyter et les volumes portent un numéro qui ne correspond plus au dernier module de l'ISBN. Il faut donc en tenir compte</subfield>
		<subfield code="9">frbcuc/12.2009</subfield>
	</datafield>
	<datafield ind1=" " ind2=" " tag="022">
		<subfield code="a">0233-1160</subfield>
	</datafield>
	<datafield ind1=" " ind2=" " tag="035">
		<subfield code="a">0000217</subfield>
	</datafield>
	<datafield ind1=" " ind2="9" tag="039">
		<subfield code="a">201907051147</subfield>
		<subfield code="b">VLOAD</subfield>
		<subfield code="c">201705151412</subfield>
		<subfield code="d">VLOAD</subfield>
		<subfield code="c">201601271200</subfield>
		<subfield code="d">1546</subfield>
		<subfield code="c">201207280821</subfield>
		<subfield code="d">VLOAD</subfield>
		<subfield code="y">1999022709480000</subfield>
		<subfield code="z">load</subfield>
	</datafield>
	<datafield ind1=" " ind2=" " tag="040">
		<subfield code="a">RERO</subfield>
	</datafield>
	<datafield ind1="0" ind2=" " tag="041">
		<subfield code="a">grc</subfield>
		<subfield code="a">lat</subfield>
	</datafield>
	<datafield ind1=" " ind2="7" tag="072">
		<subfield code="a">s1la</subfield>
		<subfield code="2">rero</subfield>
	</datafield>
	<datafield ind1=" " ind2="7" tag="072">
		<subfield code="a">s2gr</subfield>
		<subfield code="2">rero</subfield>
	</datafield>
	<datafield ind1="0" ind2="0" tag="245">
		<subfield code="a">Bibliotheca scriptorum graecorum et romanorum teubneriana</subfield>
	</datafield>
	<datafield ind1="3" ind2=" " tag="246">
		<subfield code="a">Bibliotheca Teubneriana</subfield>
	</datafield>
	<datafield ind1=" " ind2="1" tag="264">
		<subfield code="a">Leipzig :</subfield>
		<subfield code="b">B.G. Teubner ;</subfield>
		<subfield code="a">[puis] Monachii [etc.] :</subfield>
		<subfield code="b">K.G. Saur ;</subfield>
		<subfield code="a">[puis] Berolini :</subfield>
		<subfield code="b">W. de Gruyter</subfield>
	</datafield>
	<datafield ind1=" " ind2=" " tag="300">
		<subfield code="c">21 cm</subfield>
	</datafield>
	<datafield ind1=" " ind2=" " tag="336">
		<subfield code="b">txt</subfield>
		<subfield code="2">rdacontent</subfield>
	</datafield>
	<datafield ind1=" " ind2=" " tag="337">
		<subfield code="b">n</subfield>
		<subfield code="2">rdamedia</subfield>
	</datafield>
	<datafield ind1=" " ind2=" " tag="338">
		<subfield code="b">nc</subfield>
		<subfield code="2">rdacarrier</subfield>
	</datafield>
	<datafield ind1=" " ind2=" " tag="339">
		<subfield code="a">docmaintype_series</subfield>
	</datafield>
	<datafield ind1=" " ind2=" " tag="500">
		<subfield code="a">Variante de titre: Bibliotheca Teubneriana</subfield>
	</datafield>
	<datafield ind1=" " ind2=" " tag="500">
		<subfield code="a">Dès 2007 l'éditeur est W. de Gruyter</subfield>
	</datafield>
	<datafield ind1=" " ind2=" " tag="900">
		<subfield code="a">noselfmerge</subfield>
	</datafield>
	<datafield ind1=" " ind2=" " tag="956">
		<subfield code="a">frbcuc</subfield>
	</datafield>
	<datafield ind1=" " ind2=" " tag="962">
		<subfield code="a">nebpun neubfl</subfield>
	</datafield>
	<datafield ind1=" " ind2=" " tag="973">
		<subfield code="a">vsbasm</subfield>
	</datafield>
	<datafield ind1=" " ind2=" " tag="994">
		<subfield code="a">NP PT 660</subfield>
		<subfield code="x">ne/bpun/a/1991/786 [Détail des vol.: voir aussi dans l'ancien fichier.] [a] 1864 -&gt;</subfield>
	</datafield>
</record>