

<record>
	<leader>01977cas a2200469 a 4500</leader>
	<controlfield tag="001">REROILS:2000008</controlfield>
	<controlfield tag="003">RERO</controlfield>
	<controlfield tag="005">20200711160300.0</controlfield>
	<controlfield tag="008">000809d19751980sz |||m|| ||||0 || 0fre d</controlfield>
	<datafield ind1=" " ind2=" " tag="022">
		<subfield code="a">0041-2120</subfield>
	</datafield>
	<datafield ind1=" " ind2=" " tag="035">
		<subfield code="a">0168867</subfield>
	</datafield>
	<datafield ind1=" " ind2="9" tag="039">
		<subfield code="a">202007111603</subfield>
		<subfield code="b">VLOAD</subfield>
		<subfield code="c">201812081002</subfield>
		<subfield code="d">VLOAD</subfield>
		<subfield code="c">201811161952</subfield>
		<subfield code="d">VLOAD</subfield>
		<subfield code="c">201806302007</subfield>
		<subfield code="d">VLOAD</subfield>
		<subfield code="y">1999022714190000</subfield>
		<subfield code="z">load</subfield>
	</datafield>
	<datafield ind1=" " ind2=" " tag="040">
		<subfield code="a">RERO</subfield>
	</datafield>
	<datafield ind1=" " ind2=" " tag="044">
		<subfield code="a">sz</subfield>
		<subfield code="c">ch-vd</subfield>
	</datafield>
	<datafield ind1=" " ind2="7" tag="072">
		<subfield code="a">s1ba</subfield>
		<subfield code="2">rero</subfield>
	</datafield>
	<datafield ind1="0" ind2=" " tag="130">
		<subfield code="a">Travelling.</subfield>
		<subfield code="p">Cinémathèque suisse</subfield>
	</datafield>
	<datafield ind1="1" ind2="0" tag="245">
		<subfield code="a">Travelling :</subfield>
		<subfield code="b">documents Cinémathèque suisse</subfield>
	</datafield>
	<datafield ind1=" " ind2="1" tag="264">
		<subfield code="a">Lausanne :</subfield>
		<subfield code="b">Cinémathèque suisse</subfield>
	</datafield>
	<datafield ind1=" " ind2=" " tag="300">
		<subfield code="c">21 cm</subfield>
	</datafield>
	<datafield ind1=" " ind2=" " tag="336">
		<subfield code="b">txt</subfield>
		<subfield code="2">rdacontent</subfield>
	</datafield>
	<datafield ind1=" " ind2=" " tag="337">
		<subfield code="b">n</subfield>
		<subfield code="2">rdamedia</subfield>
	</datafield>
	<datafield ind1=" " ind2=" " tag="338">
		<subfield code="b">nc</subfield>
		<subfield code="2">rdacarrier</subfield>
	</datafield>
	<datafield ind1=" " ind2=" " tag="339">
		<subfield code="a">docmaintype_series</subfield>
	</datafield>
	<datafield ind1="0" ind2=" " tag="362">
		<subfield code="a">No 44/45/46(1975) - no 58(1980)</subfield>
	</datafield>
	<datafield ind1=" " ind2=" " tag="500">
		<subfield code="a">Les numéros 44/45/46 à 49 portent en parallèle la numérotation &quot;Documents Cinémathèque suisse&quot;, 7 à 10</subfield>
	</datafield>
	<datafield ind1="8" ind2=" " tag="520">
		<subfield code="a">Analyse: Revue de futurs cinéastes à l'origine, &quot;Travelling&quot; s'oriente, dès les années 70, vers l'histoire du cinéma, portant en particulier son attention au cinéma suisse.</subfield>
		<subfield code="9">?</subfield>
	</datafield>
	<datafield ind1="8" ind2=" " tag="520">
		<subfield code="a">La lecture de la collection dans son ensemble s'avère passionnante pour qui chercherait à reconstituer l'itinéraire du nouveau cinéma suisse.</subfield>
		<subfield code="9">?</subfield>
	</datafield>
	<datafield ind1="8" ind2=" " tag="520">
		<subfield code="a">&quot;Travelling&quot;, soutenu par la Cinémathèque suisse dès 1975, constitue dans le domaine cinématographique l'effort le plus soutenu d'une volonté d'historiographie sérieuse.</subfield>
		<subfield code="9">?</subfield>
	</datafield>
	<datafield ind1=" " ind2=" " tag="580">
		<subfield code="a">Fait suite à: Documents de cinéma. Et à : Travelling</subfield>
	</datafield>
	<datafield ind1=" " ind2="7" tag="650">
		<subfield code="a">Cinéma</subfield>
		<subfield code="2">rero</subfield>
	</datafield>
	<datafield ind1=" " ind2="7" tag="650">
		<subfield code="a">Cinéma suisse</subfield>
		<subfield code="2">rero</subfield>
	</datafield>
	<datafield ind1=" " ind2="7" tag="655">
		<subfield code="a">[Périodiques]</subfield>
		<subfield code="2">rero</subfield>
	</datafield>
	<datafield ind1="2" ind2=" " tag="710">
		<subfield code="a">Cinémathèque suisse</subfield>
		<subfield code="0">(IdRef)033492115</subfield>
	</datafield>
	<datafield ind1="1" ind2="0" tag="780">
		<subfield code="t">Documents de cinéma</subfield>
		<subfield code="w">REROILS:2000088</subfield>
	</datafield>
	<datafield ind1="1" ind2="0" tag="780">
		<subfield code="t">Travelling. Lausanne</subfield>
		<subfield code="w">REROILS:139</subfield>
	</datafield>
	<datafield ind1=" " ind2=" " tag="900">
		<subfield code="a">noselfmerge</subfield>
	</datafield>
	<datafield ind1=" " ind2=" " tag="902">
		<subfield code="a">baap</subfield>
	</datafield>
	<datafield ind1=" " ind2=" " tag="919">
		<subfield code="9">650 _7</subfield>
		<subfield code="a">cinéma</subfield>
		<subfield code="v">[périodique]</subfield>
		<subfield code="2">chrero</subfield>
	</datafield>
	<datafield ind1=" " ind2=" " tag="919">
		<subfield code="9">650 _7</subfield>
		<subfield code="a">cinéma suisse</subfield>
		<subfield code="v">[périodique]</subfield>
		<subfield code="2">chrero</subfield>
	</datafield>
	<datafield ind1=" " ind2=" " tag="956">
		<subfield code="a">frbcuc</subfield>
	</datafield>
	<datafield ind1=" " ind2=" " tag="957">
		<subfield code="a">gevbaa</subfield>
	</datafield>
	<datafield ind1=" " ind2=" " tag="992">
		<subfield code="a">BAA PER 840</subfield>
		<subfield code="x">ge/vbaa/a</subfield>
	</datafield>
</record>