

<record>
	<leader>01504nas a2200409 a 4500</leader>
	<controlfield tag="001">REROILS:2000057</controlfield>
	<controlfield tag="003">RERO</controlfield>
	<controlfield tag="005">20201005234500.0</controlfield>
	<controlfield tag="008">010121d19682000gw |||p|| ||||0 || 0ger d</controlfield>
	<datafield ind1=" " ind2=" " tag="022">
		<subfield code="a">0300-4236</subfield>
	</datafield>
	<datafield ind1=" " ind2=" " tag="035">
		<subfield code="a">0296202</subfield>
	</datafield>
	<datafield ind1=" " ind2=" " tag="039">
		<subfield code="b">9577</subfield>
		<subfield code="b">9544</subfield>
		<subfield code="b">8025</subfield>
		<subfield code="b">0024c</subfield>
	</datafield>
	<datafield ind1=" " ind2="9" tag="039">
		<subfield code="a">202010052345</subfield>
		<subfield code="b">VLOAD</subfield>
		<subfield code="c">201812141236</subfield>
		<subfield code="d">7663</subfield>
		<subfield code="c">201811162022</subfield>
		<subfield code="d">VLOAD</subfield>
		<subfield code="c">201706101744</subfield>
		<subfield code="d">VLOAD</subfield>
		<subfield code="y">1999022717060000</subfield>
		<subfield code="z">load</subfield>
	</datafield>
	<datafield ind1=" " ind2=" " tag="040">
		<subfield code="a">RERO labcud</subfield>
	</datafield>
	<datafield ind1=" " ind2="7" tag="072">
		<subfield code="a">s1th</subfield>
		<subfield code="2">rero</subfield>
	</datafield>
	<datafield ind1="0" ind2="0" tag="245">
		<subfield code="a">Evangelische Kommentare :</subfield>
		<subfield code="b">Monatsschrift zum Zeitgeschehen in Kirche und Gesellschaft</subfield>
	</datafield>
	<datafield ind1=" " ind2="1" tag="264">
		<subfield code="a">Stuttgart :</subfield>
		<subfield code="b">Kreuz [etc.]</subfield>
	</datafield>
	<datafield ind1=" " ind2=" " tag="300">
		<subfield code="c">30 cm</subfield>
	</datafield>
	<datafield ind1=" " ind2=" " tag="310">
		<subfield code="a">Mensuel</subfield>
	</datafield>
	<datafield ind1=" " ind2=" " tag="336">
		<subfield code="b">txt</subfield>
		<subfield code="2">rdacontent</subfield>
	</datafield>
	<datafield ind1=" " ind2=" " tag="337">
		<subfield code="b">n</subfield>
		<subfield code="2">rdamedia</subfield>
	</datafield>
	<datafield ind1=" " ind2=" " tag="338">
		<subfield code="b">nc</subfield>
		<subfield code="2">rdacarrier</subfield>
	</datafield>
	<datafield ind1=" " ind2=" " tag="339">
		<subfield code="a">docmaintype_serial</subfield>
	</datafield>
	<datafield ind1="0" ind2=" " tag="362">
		<subfield code="a">Jg. 1(1968) - Jg. 33(2000), H.9</subfield>
	</datafield>
	<datafield ind1=" " ind2=" " tag="580">
		<subfield code="a">Fait suite à: Kirche in der Zeit</subfield>
	</datafield>
	<datafield ind1=" " ind2=" " tag="580">
		<subfield code="a">Fusionne avec Reformierte KirchenZeitung et Zeichen der Zeit, et devient: Zeitzeichen: evangelische Kommentare zu Religion und Gesellschaft</subfield>
	</datafield>
	<datafield ind1=" " ind2="7" tag="650">
		<subfield code="a">Église</subfield>
		<subfield code="2">rero</subfield>
	</datafield>
	<datafield ind1=" " ind2="7" tag="650">
		<subfield code="a">société (milieu humain)</subfield>
		<subfield code="2">rerovoc</subfield>
	</datafield>
	<datafield ind1=" " ind2="7" tag="650">
		<subfield code="a">Églises réformées</subfield>
		<subfield code="2">rero</subfield>
	</datafield>
	<datafield ind1=" " ind2="7" tag="655">
		<subfield code="a">[Périodiques]</subfield>
		<subfield code="2">rero</subfield>
	</datafield>
	<datafield ind1="1" ind2="0" tag="780">
		<subfield code="t">Kirche in der Zeit</subfield>
		<subfield code="w">REROILS:2000090</subfield>
	</datafield>
	<datafield ind1="1" ind2="0" tag="785">
		<subfield code="t">Zeitzeichen: evangelische Kommentare zu Religion und Gesellschaft</subfield>
		<subfield code="w">REROILS:2000089</subfield>
	</datafield>
	<datafield ind1=" " ind2=" " tag="900">
		<subfield code="a">noselfmerge</subfield>
	</datafield>
	<datafield ind1=" " ind2=" " tag="919">
		<subfield code="9">650 _7</subfield>
		<subfield code="a">Eglise</subfield>
		<subfield code="x">société (milieu humain)</subfield>
		<subfield code="v">[périodique]</subfield>
		<subfield code="2">chrero</subfield>
	</datafield>
	<datafield ind1=" " ind2=" " tag="919">
		<subfield code="9">650 _7</subfield>
		<subfield code="a">Eglise protestante</subfield>
		<subfield code="x">société (milieu humain)</subfield>
		<subfield code="v">[périodique]</subfield>
		<subfield code="2">chrero</subfield>
	</datafield>
	<datafield ind1=" " ind2=" " tag="956">
		<subfield code="a">frbcuc</subfield>
	</datafield>
	<datafield ind1=" " ind2=" " tag="962">
		<subfield code="a">neupam</subfield>
	</datafield>
</record>