

<record>
	<leader>01334nas a2200373 a 4500</leader>
	<controlfield tag="001">REROILS:2000006</controlfield>
	<controlfield tag="003">RERO</controlfield>
	<controlfield tag="005">20200710161900.0</controlfield>
	<controlfield tag="008">000905c19099999fi |||m|| ||||0 || 0fre d</controlfield>
	<datafield ind1=" " ind2=" " tag="022">
		<subfield code="a">0066-2011</subfield>
	</datafield>
	<datafield ind1=" " ind2=" " tag="035">
		<subfield code="a">0031848</subfield>
	</datafield>
	<datafield ind1=" " ind2=" " tag="039">
		<subfield code="b">0116</subfield>
		<subfield code="b">6005c</subfield>
		<subfield code="b">7951</subfield>
		<subfield code="b">6013c</subfield>
	</datafield>
	<datafield ind1=" " ind2="9" tag="039">
		<subfield code="a">202007101619</subfield>
		<subfield code="b">VLOAD</subfield>
		<subfield code="c">201907051150</subfield>
		<subfield code="d">VLOAD</subfield>
		<subfield code="c">201705151453</subfield>
		<subfield code="d">VLOAD</subfield>
		<subfield code="c">201502100953</subfield>
		<subfield code="d">7361</subfield>
		<subfield code="y">1999022710390000</subfield>
		<subfield code="z">load</subfield>
	</datafield>
	<datafield ind1=" " ind2=" " tag="040">
		<subfield code="a">RERO</subfield>
	</datafield>
	<datafield ind1="0" ind2=" " tag="041">
		<subfield code="a">fre</subfield>
		<subfield code="a">ger</subfield>
		<subfield code="a">eng</subfield>
	</datafield>
	<datafield ind1=" " ind2="7" tag="072">
		<subfield code="a">s1ge</subfield>
		<subfield code="2">rero</subfield>
	</datafield>
	<datafield ind1="0" ind2="0" tag="245">
		<subfield code="a">Annales Academiae scientiarum fennicae.</subfield>
		<subfield code="p">Ser. B = Suomalaisen Tiedeakatemian toimituksia. Sarja. B</subfield>
	</datafield>
	<datafield ind1="3" ind2=" " tag="246">
		<subfield code="a">Suomalaisen Tiedeakatemian toimituksia.</subfield>
		<subfield code="p">Sarja. B</subfield>
	</datafield>
	<datafield ind1="3" ind2=" " tag="246">
		<subfield code="a">Suomalaisen Tiedeakatemian toimituksia.</subfield>
		<subfield code="p">Sarja. Humaniora</subfield>
	</datafield>
	<datafield ind1="3" ind2=" " tag="246">
		<subfield code="a">Annales Academiae scientiarum fennicae.</subfield>
		<subfield code="p">Ser. Humaniora</subfield>
	</datafield>
	<datafield ind1=" " ind2="1" tag="264">
		<subfield code="a">Helsinki :</subfield>
		<subfield code="b">Suomalainen Tiedeakatemia,</subfield>
		<subfield code="c">1909-</subfield>
	</datafield>
	<datafield ind1=" " ind2=" " tag="300">
		<subfield code="c">25 cm</subfield>
	</datafield>
	<datafield ind1=" " ind2=" " tag="336">
		<subfield code="b">txt</subfield>
		<subfield code="2">rdacontent</subfield>
	</datafield>
	<datafield ind1=" " ind2=" " tag="337">
		<subfield code="b">n</subfield>
		<subfield code="2">rdamedia</subfield>
	</datafield>
	<datafield ind1=" " ind2=" " tag="338">
		<subfield code="b">nc</subfield>
		<subfield code="2">rdacarrier</subfield>
	</datafield>
	<datafield ind1=" " ind2=" " tag="339">
		<subfield code="a">docmaintype_series</subfield>
	</datafield>
	<datafield ind1="0" ind2=" " tag="362">
		<subfield code="a">T. 1(1909)-</subfield>
	</datafield>
	<datafield ind1=" " ind2=" " tag="500">
		<subfield code="a">Suomalainen Tiedeakatemia</subfield>
	</datafield>
	<datafield ind1="2" ind2=" " tag="710">
		<subfield code="a">Suomalainen Tiedeakatemia</subfield>
		<subfield code="0">(IdRef)029973198</subfield>
	</datafield>
	<datafield ind1=" " ind2=" " tag="900">
		<subfield code="a">noselfmerge</subfield>
	</datafield>
	<datafield ind1=" " ind2=" " tag="956">
		<subfield code="a">frbcuc</subfield>
	</datafield>
	<datafield ind1=" " ind2=" " tag="957">
		<subfield code="a">gevbge</subfield>
	</datafield>
	<datafield ind1=" " ind2=" " tag="992">
		<subfield code="a">BGE RA 937 B</subfield>
		<subfield code="x">ge/vbge/e</subfield>
	</datafield>
</record>