

<record>
	<leader>00840nas a22002897a 4500</leader>
	<controlfield tag="001">REROILS:2000013</controlfield>
	<controlfield tag="003">RERO</controlfield>
	<controlfield tag="005">20200902115900.0</controlfield>
	<controlfield tag="008">960525c1966    xx |||m|| ||||0 || 0und d</controlfield>
	<datafield ind1=" " ind2=" " tag="019">
		<subfield code="a">Pas suite BGE</subfield>
		<subfield code="9">gevbpu/05.2004</subfield>
	</datafield>
	<datafield ind1=" " ind2=" " tag="022">
		<subfield code="a">0768-0368</subfield>
	</datafield>
	<datafield ind1=" " ind2=" " tag="035">
		<subfield code="a">0338109</subfield>
	</datafield>
	<datafield ind1=" " ind2=" " tag="039">
		<subfield code="b">9400</subfield>
	</datafield>
	<datafield ind1=" " ind2="9" tag="039">
		<subfield code="a">202009021159</subfield>
		<subfield code="b">7951</subfield>
		<subfield code="c">201705160805</subfield>
		<subfield code="d">VLOAD</subfield>
		<subfield code="c">200812212329</subfield>
		<subfield code="d">VLOAD</subfield>
		<subfield code="c">200605280005</subfield>
		<subfield code="d">VLOAD</subfield>
		<subfield code="y">1999022718030000</subfield>
		<subfield code="z">load</subfield>
	</datafield>
	<datafield ind1=" " ind2=" " tag="040">
		<subfield code="a">RERO</subfield>
	</datafield>
	<datafield ind1="0" ind2=" " tag="130">
		<subfield code="a">Poésie.</subfield>
		<subfield code="p">Gallimard</subfield>
	</datafield>
	<datafield ind1="1" ind2="0" tag="245">
		<subfield code="a">Poésie</subfield>
	</datafield>
	<datafield ind1="3" ind2=" " tag="246">
		<subfield code="a">Collection Poésie.</subfield>
		<subfield code="p">Gallimard</subfield>
	</datafield>
	<datafield ind1="3" ind2=" " tag="246">
		<subfield code="a">Poésie/Gallimard</subfield>
	</datafield>
	<datafield ind1=" " ind2="1" tag="264">
		<subfield code="a">Paris :</subfield>
		<subfield code="b">Gallimard,</subfield>
		<subfield code="c">1966-</subfield>
	</datafield>
	<datafield ind1=" " ind2=" " tag="336">
		<subfield code="b">txt</subfield>
		<subfield code="2">rdacontent</subfield>
	</datafield>
	<datafield ind1=" " ind2=" " tag="337">
		<subfield code="b">n</subfield>
		<subfield code="2">rdamedia</subfield>
	</datafield>
	<datafield ind1=" " ind2=" " tag="338">
		<subfield code="b">nc</subfield>
		<subfield code="2">rdacarrier</subfield>
	</datafield>
	<datafield ind1=" " ind2=" " tag="339">
		<subfield code="a">docmaintype_series</subfield>
	</datafield>
	<datafield ind1=" " ind2=" " tag="500">
		<subfield code="a">Se présente également sous la forme: &quot;Collection poésie&quot;</subfield>
	</datafield>
	<datafield ind1=" " ind2=" " tag="900">
		<subfield code="a">noselfmerge</subfield>
	</datafield>
	<datafield ind1=" " ind2=" " tag="900">
		<subfield code="a">reroslsp</subfield>
	</datafield>
</record>