

<record>
	<leader>01247cam a2200361 a 4500</leader>
	<controlfield tag="001">REROILS:2000027</controlfield>
	<controlfield tag="003">RERO</controlfield>
	<controlfield tag="005">20200612160900.0</controlfield>
	<controlfield tag="008">000921s1982    xxk|||||| ||||00|| |eng d</controlfield>
	<datafield ind1=" " ind2=" " tag="035">
		<subfield code="a">1729551</subfield>
	</datafield>
	<datafield ind1=" " ind2=" " tag="039">
		<subfield code="b">9858f</subfield>
	</datafield>
	<datafield ind1=" " ind2="9" tag="039">
		<subfield code="a">202006121609</subfield>
		<subfield code="b">6310</subfield>
		<subfield code="c">201808271518</subfield>
		<subfield code="d">VLOAD</subfield>
		<subfield code="c">201711251729</subfield>
		<subfield code="d">VLOAD</subfield>
		<subfield code="c">201706101453</subfield>
		<subfield code="d">VLOAD</subfield>
		<subfield code="y">1999030102270000</subfield>
		<subfield code="z">load</subfield>
	</datafield>
	<datafield ind1=" " ind2=" " tag="040">
		<subfield code="a">RERO gevcjb</subfield>
	</datafield>
	<datafield ind1=" " ind2="7" tag="072">
		<subfield code="a">s1bo</subfield>
		<subfield code="2">rero</subfield>
	</datafield>
	<datafield ind1="0" ind2="4" tag="245">
		<subfield code="a">The International lily register [1982, including first supplement] /</subfield>
		<subfield code="c">comp. by A.C. Leslie</subfield>
	</datafield>
	<datafield ind1=" " ind2=" " tag="250">
		<subfield code="a">3rd ed</subfield>
	</datafield>
	<datafield ind1=" " ind2="1" tag="264">
		<subfield code="a">London :</subfield>
		<subfield code="b">The Royal Horticultural Society,</subfield>
		<subfield code="c">1982</subfield>
	</datafield>
	<datafield ind1=" " ind2=" " tag="300">
		<subfield code="a">IX, 377 p. ;</subfield>
		<subfield code="c">21 cm</subfield>
	</datafield>
	<datafield ind1=" " ind2=" " tag="336">
		<subfield code="b">txt</subfield>
		<subfield code="2">rdacontent</subfield>
	</datafield>
	<datafield ind1=" " ind2=" " tag="337">
		<subfield code="b">n</subfield>
		<subfield code="2">rdamedia</subfield>
	</datafield>
	<datafield ind1=" " ind2=" " tag="338">
		<subfield code="b">nc</subfield>
		<subfield code="2">rdacarrier</subfield>
	</datafield>
	<datafield ind1=" " ind2=" " tag="339">
		<subfield code="a">docmaintype_book</subfield>
		<subfield code="b">docsubtype_other_book</subfield>
	</datafield>
	<datafield ind1=" " ind2=" " tag="580">
		<subfield code="a">A pour suppl.: The International lily register 1982, Supplement</subfield>
	</datafield>
	<datafield ind1=" " ind2="7" tag="650">
		<subfield code="a">cultivar</subfield>
		<subfield code="2">rerovoc</subfield>
	</datafield>
	<datafield ind1=" " ind2="7" tag="650">
		<subfield code="a">Lilium (Liliaceae) [Taxonomie]</subfield>
		<subfield code="2">rero</subfield>
	</datafield>
	<datafield ind1=" " ind2="7" tag="655">
		<subfield code="a">[Répertoires]</subfield>
		<subfield code="2">rero</subfield>
	</datafield>
	<datafield ind1="1" ind2=" " tag="700">
		<subfield code="a">Leslie, Alan Christopher</subfield>
		<subfield code="4">com</subfield>
		<subfield code="0">(IdRef)251298523</subfield>
	</datafield>
	<datafield ind1="1" ind2=" " tag="770">
		<subfield code="t">International lily register 1982. Supplement</subfield>
		<subfield code="w">REROILS:272</subfield>
	</datafield>
	<datafield ind1=" " ind2=" " tag="900">
		<subfield code="a">noselfmerge</subfield>
	</datafield>
	<datafield ind1=" " ind2=" " tag="919">
		<subfield code="9">650 _7</subfield>
		<subfield code="a">cultivar</subfield>
		<subfield code="x">Lilium (Liliaceae)</subfield>
		<subfield code="v">[répertoire]</subfield>
		<subfield code="2">chrero</subfield>
	</datafield>
	<datafield ind1=" " ind2=" " tag="957">
		<subfield code="a">gevcjb</subfield>
	</datafield>
	<datafield ind1=" " ind2=" " tag="982">
		<subfield code="2">cdu-gevcjb</subfield>
		<subfield code="a">M1 LILI Lili Les</subfield>
	</datafield>
	<datafield ind1=" " ind2=" " tag="992">
		<subfield code="a">BOTA 6713</subfield>
		<subfield code="x">ge/vcjb/a/90/38</subfield>
	</datafield>
</record>