

<record>
	<leader>01389cam a2200361 aa4500</leader>
	<controlfield tag="001">REROILS:2000073</controlfield>
	<controlfield tag="003">RERO</controlfield>
	<controlfield tag="005">20170610173000.0</controlfield>
	<controlfield tag="008">960912m19791990au |||||| ||||00|| |ger d</controlfield>
	<datafield ind1=" " ind2=" " tag="019">
		<subfield code="a">Niveau supérieur !</subfield>
		<subfield code="9">rero/10.2004</subfield>
	</datafield>
	<datafield ind1=" " ind2=" " tag="035">
		<subfield code="a">0285923</subfield>
	</datafield>
	<datafield ind1=" " ind2="9" tag="039">
		<subfield code="a">201706101730</subfield>
		<subfield code="b">VLOAD</subfield>
		<subfield code="c">200812220732</subfield>
		<subfield code="d">VLOAD</subfield>
		<subfield code="c">200812211511</subfield>
		<subfield code="d">VLOAD</subfield>
		<subfield code="c">200410121833</subfield>
		<subfield code="d">VLOAD</subfield>
		<subfield code="y">1999022716510000</subfield>
		<subfield code="z">load</subfield>
	</datafield>
	<datafield ind1=" " ind2=" " tag="040">
		<subfield code="a">RERO</subfield>
	</datafield>
	<datafield ind1=" " ind2="7" tag="072">
		<subfield code="a">s1al</subfield>
		<subfield code="2">rero</subfield>
	</datafield>
	<datafield ind1="0" ind2="4" tag="245">
		<subfield code="a">Die österreichische Literatur :</subfield>
		<subfield code="b">eine Dokumentation ihrer literarhistorischen Entwicklung /</subfield>
		<subfield code="c">in Zusammenarbeit mit dem Institut für Österreichische Kulturgeschichte ... [et al.] ; hrsg. von Herbert Zeman</subfield>
	</datafield>
	<datafield ind1=" " ind2="1" tag="264">
		<subfield code="a">Graz :</subfield>
		<subfield code="b">Akademische Druck- u. Verlagsanstalt,</subfield>
		<subfield code="c">1979-1990</subfield>
	</datafield>
	<datafield ind1=" " ind2=" " tag="300">
		<subfield code="a">7 vol. ;</subfield>
		<subfield code="c">28 cm</subfield>
	</datafield>
	<datafield ind1=" " ind2=" " tag="336">
		<subfield code="b">txt</subfield>
		<subfield code="2">rdacontent</subfield>
	</datafield>
	<datafield ind1=" " ind2=" " tag="337">
		<subfield code="b">n</subfield>
		<subfield code="2">rdamedia</subfield>
	</datafield>
	<datafield ind1=" " ind2=" " tag="338">
		<subfield code="b">nc</subfield>
		<subfield code="2">rdacarrier</subfield>
	</datafield>
	<datafield ind1=" " ind2=" " tag="339">
		<subfield code="a">docmaintype_book</subfield>
		<subfield code="b">docsubtype_other_book</subfield>
	</datafield>
	<datafield ind1=" " ind2="7" tag="650">
		<subfield code="a">Littérature autrichienne</subfield>
		<subfield code="2">rero</subfield>
	</datafield>
	<datafield ind1=" " ind2="7" tag="650">
		<subfield code="a">1050-1980</subfield>
		<subfield code="2">rero</subfield>
	</datafield>
	<datafield ind1=" " ind2="7" tag="655">
		<subfield code="a">[Études diverses]</subfield>
		<subfield code="2">rero</subfield>
	</datafield>
	<datafield ind1="1" ind2=" " tag="700">
		<subfield code="a">Zeman, Herbert</subfield>
		<subfield code="0">(IdRef)028432266</subfield>
	</datafield>
	<datafield ind1="2" ind2=" " tag="710">
		<subfield code="a">Institut für Österreichische Kulturgeschichte</subfield>
		<subfield code="0">(IdRef)026639122</subfield>
	</datafield>
	<datafield ind1=" " ind2=" " tag="900">
		<subfield code="a">noselfmerge</subfield>
	</datafield>
	<datafield ind1=" " ind2=" " tag="919">
		<subfield code="9">650 _7</subfield>
		<subfield code="a">littérature autrichienne</subfield>
		<subfield code="y">1050 / 1980</subfield>
		<subfield code="v">[études diverses]</subfield>
		<subfield code="2">chrero</subfield>
	</datafield>
	<datafield ind1=" " ind2=" " tag="957">
		<subfield code="a">geulal</subfield>
	</datafield>
	<datafield ind1=" " ind2=" " tag="962">
		<subfield code="a">nebpun</subfield>
	</datafield>
	<datafield ind1=" " ind2=" " tag="982">
		<subfield code="2">ge-ulal</subfield>
		<subfield code="a">G-LIT-G*Oes l</subfield>
	</datafield>
	<datafield ind1=" " ind2=" " tag="992">
		<subfield code="a">-</subfield>
		<subfield code="x">ge/ulal/a//</subfield>
	</datafield>
	<datafield ind1=" " ind2=" " tag="994">
		<subfield code="a">NP FG 328</subfield>
		<subfield code="x">ne/bpun/a/1991/300-1083 [Reçu vol. 1-2:1050-1750, vol. 4: 1880-1980.]</subfield>
	</datafield>
</record>