

<record>
	<leader>00977nas a22002657a 4500</leader>
	<controlfield tag="001">REROILS:2000054</controlfield>
	<controlfield tag="003">RERO</controlfield>
	<controlfield tag="005">20170517133700.0</controlfield>
	<controlfield tag="008">930714u        xxu|||m|| ||||0 || 0fre d</controlfield>
	<datafield ind1=" " ind2=" " tag="019">
		<subfield code="a">Suite BGE</subfield>
		<subfield code="9">31.01.1995/gevbpu/cga</subfield>
	</datafield>
	<datafield ind1=" " ind2=" " tag="035">
		<subfield code="a">1711498</subfield>
	</datafield>
	<datafield ind1=" " ind2="9" tag="039">
		<subfield code="a">201705171337</subfield>
		<subfield code="b">VLOAD</subfield>
		<subfield code="c">200710251222</subfield>
		<subfield code="d">VLOAD</subfield>
		<subfield code="c">200709182004</subfield>
		<subfield code="d">VLOAD</subfield>
		<subfield code="c">200605282213</subfield>
		<subfield code="d">VLOAD</subfield>
		<subfield code="y">1999030102020000</subfield>
		<subfield code="z">load</subfield>
	</datafield>
	<datafield ind1=" " ind2=" " tag="040">
		<subfield code="a">RERO gehei-</subfield>
	</datafield>
	<datafield ind1="0" ind2="0" tag="245">
		<subfield code="a">Travaux de recherche / Institut des Nations Unies pour la recherche sur le désarmement</subfield>
	</datafield>
	<datafield ind1=" " ind2="1" tag="264">
		<subfield code="a">New York :</subfield>
		<subfield code="b">Nations Unies</subfield>
	</datafield>
	<datafield ind1=" " ind2=" " tag="300">
		<subfield code="c">30 cm</subfield>
	</datafield>
	<datafield ind1=" " ind2=" " tag="336">
		<subfield code="b">txt</subfield>
		<subfield code="2">rdacontent</subfield>
	</datafield>
	<datafield ind1=" " ind2=" " tag="337">
		<subfield code="b">n</subfield>
		<subfield code="2">rdamedia</subfield>
	</datafield>
	<datafield ind1=" " ind2=" " tag="338">
		<subfield code="b">nc</subfield>
		<subfield code="2">rdacarrier</subfield>
	</datafield>
	<datafield ind1=" " ind2=" " tag="339">
		<subfield code="a">docmaintype_series</subfield>
	</datafield>
	<datafield ind1=" " ind2=" " tag="580">
		<subfield code="a">A une éd. anglaise : Research paper / United Nations Institute for Disarmement Research</subfield>
	</datafield>
	<datafield ind1="2" ind2=" " tag="710">
		<subfield code="a">Nations Unies.</subfield>
		<subfield code="b">Institut pour la recherche sur le désarmement</subfield>
		<subfield code="0">(IdRef)029493641</subfield>
	</datafield>
	<datafield ind1="1" ind2=" " tag="775">
		<subfield code="t">Research paper / United Nations Institute for Disarmament Research</subfield>
		<subfield code="w">REROILS:2000095</subfield>
	</datafield>
	<datafield ind1=" " ind2=" " tag="900">
		<subfield code="a">noselfmerge</subfield>
	</datafield>
	<datafield ind1=" " ind2=" " tag="957">
		<subfield code="a">geheid</subfield>
	</datafield>
</record>