

<record>
	<leader>01520nam a2200481 aa4500</leader>
	<controlfield tag="001">REROILS:2000015</controlfield>
	<controlfield tag="003">RERO</controlfield>
	<controlfield tag="005">20180419103300.0</controlfield>
	<controlfield tag="008">870319s1987    sz |||||| ||||00|| |ger d</controlfield>
	<datafield ind1=" " ind2=" " tag="019">
		<subfield code="a">Niveau supérieur !</subfield>
		<subfield code="9">rero/10.2004</subfield>
	</datafield>
	<datafield ind1=" " ind2=" " tag="020">
		<subfield code="a">9783906695013</subfield>
	</datafield>
	<datafield ind1=" " ind2=" " tag="035">
		<subfield code="a">0823460</subfield>
	</datafield>
	<datafield ind1=" " ind2="9" tag="039">
		<subfield code="a">201804191033</subfield>
		<subfield code="b">VLOAD</subfield>
		<subfield code="c">201706101530</subfield>
		<subfield code="d">VLOAD</subfield>
		<subfield code="c">201403280907</subfield>
		<subfield code="d">VLOAD</subfield>
		<subfield code="c">201012021454</subfield>
		<subfield code="d">VLOAD</subfield>
		<subfield code="y">1999022805120000</subfield>
		<subfield code="z">load</subfield>
	</datafield>
	<datafield ind1=" " ind2=" " tag="040">
		<subfield code="a">RERO neubfd</subfield>
	</datafield>
	<datafield ind1=" " ind2="7" tag="072">
		<subfield code="a">s1dr</subfield>
		<subfield code="2">rero</subfield>
	</datafield>
	<datafield ind1="0" ind2="0" tag="245">
		<subfield code="a">Bundesgerichtspraxis in Steuersachen</subfield>
	</datafield>
	<datafield ind1=" " ind2="1" tag="264">
		<subfield code="a">Beckenried :</subfield>
		<subfield code="b">LIfA-Verlag,</subfield>
		<subfield code="c">[1987]</subfield>
	</datafield>
	<datafield ind1=" " ind2="4" tag="264">
		<subfield code="c">© 1987</subfield>
	</datafield>
	<datafield ind1=" " ind2=" " tag="300">
		<subfield code="a">2 Bde. ;</subfield>
		<subfield code="c">23 cm</subfield>
	</datafield>
	<datafield ind1=" " ind2=" " tag="336">
		<subfield code="b">txt</subfield>
		<subfield code="2">rdacontent</subfield>
	</datafield>
	<datafield ind1=" " ind2=" " tag="337">
		<subfield code="b">n</subfield>
		<subfield code="2">rdamedia</subfield>
	</datafield>
	<datafield ind1=" " ind2=" " tag="338">
		<subfield code="b">nc</subfield>
		<subfield code="2">rdacarrier</subfield>
	</datafield>
	<datafield ind1=" " ind2=" " tag="339">
		<subfield code="a">docmaintype_book</subfield>
		<subfield code="b">docsubtype_other_book</subfield>
	</datafield>
	<datafield ind1="1" ind2=" " tag="490">
		<subfield code="a">Bibliographie des schweizerischen Steuerrechts / Arthur Glanzmann</subfield>
		<subfield code="v">Bd. 3</subfield>
	</datafield>
	<datafield ind1=" " ind2="7" tag="650">
		<subfield code="a">Droit fiscal</subfield>
		<subfield code="2">rero</subfield>
	</datafield>
	<datafield ind1=" " ind2="7" tag="651">
		<subfield code="a">Suisse</subfield>
		<subfield code="2">rero</subfield>
		<subfield code="0">(IdRef)027249654</subfield>
	</datafield>
	<datafield ind1=" " ind2="7" tag="655">
		<subfield code="a">[Bibliographie]</subfield>
		<subfield code="2">rero</subfield>
	</datafield>
	<datafield ind1="1" ind2=" " tag="800">
		<subfield code="a">Glanzmann, Arthur. -</subfield>
		<subfield code="t">Bibliographie des schweizerischen Steuerrechts</subfield>
		<subfield code="v">3</subfield>
	</datafield>
	<datafield ind1=" " ind2=" " tag="900">
		<subfield code="a">noselfmerge</subfield>
	</datafield>
	<datafield ind1=" " ind2=" " tag="919">
		<subfield code="9">650 _7</subfield>
		<subfield code="a">droit fiscal</subfield>
		<subfield code="z">Suisse</subfield>
		<subfield code="v">[bibliographie]</subfield>
		<subfield code="2">chrero</subfield>
	</datafield>
	<datafield ind1=" " ind2=" " tag="953">
		<subfield code="a">ifisdc</subfield>
	</datafield>
	<datafield ind1=" " ind2=" " tag="956">
		<subfield code="a">frbcuc frvtcf</subfield>
	</datafield>
	<datafield ind1=" " ind2=" " tag="957">
		<subfield code="a">geubfd</subfield>
	</datafield>
	<datafield ind1=" " ind2=" " tag="960">
		<subfield code="a">jutc--</subfield>
	</datafield>
	<datafield ind1=" " ind2=" " tag="962">
		<subfield code="a">neubfd</subfield>
	</datafield>
	<datafield ind1=" " ind2=" " tag="973">
		<subfield code="a">vsbcvs</subfield>
	</datafield>
	<datafield ind1=" " ind2=" " tag="980">
		<subfield code="2">dr-sys</subfield>
		<subfield code="a">CA/CH 54 a</subfield>
	</datafield>
	<datafield ind1=" " ind2=" " tag="982">
		<subfield code="2">dr-geubfd</subfield>
		<subfield code="a">CA/CH 54 a GLAN 1985</subfield>
	</datafield>
	<datafield ind1=" " ind2=" " tag="983">
		<subfield code="2">isdc</subfield>
		<subfield code="a">CA/CH 54 a GLAN 1985</subfield>
	</datafield>
	<datafield ind1=" " ind2=" " tag="992">
		<subfield code="a">BFDA 4975/3</subfield>
		<subfield code="x">ge/ubfd/a/87/608</subfield>
	</datafield>
	<datafield ind1=" " ind2=" " tag="993">
		<subfield code="a">ISDC 29630/3</subfield>
		<subfield code="x">la/isdc/a/187143</subfield>
	</datafield>
</record>