

<record>
	<leader>01891com a2200457 aa4500</leader>
	<controlfield tag="001">REROILS:2000055</controlfield>
	<controlfield tag="003">RERO</controlfield>
	<controlfield tag="005">20200715090100.0</controlfield>
	<controlfield tag="008">870224m19761986sz ||| || ||||| | b|fre d</controlfield>
	<datafield ind1=" " ind2=" " tag="019">
		<subfield code="a">Niveau supérieur !</subfield>
		<subfield code="9">rero/10.2004</subfield>
	</datafield>
	<datafield ind1=" " ind2=" " tag="035">
		<subfield code="a">0811920</subfield>
	</datafield>
	<datafield ind1=" " ind2=" " tag="039">
		<subfield code="b">8211</subfield>
	</datafield>
	<datafield ind1=" " ind2="9" tag="039">
		<subfield code="a">202007150901</subfield>
		<subfield code="b">3301</subfield>
		<subfield code="c">202007140813</subfield>
		<subfield code="d">3301</subfield>
		<subfield code="c">202007131515</subfield>
		<subfield code="d">3301</subfield>
		<subfield code="c">202007131514</subfield>
		<subfield code="d">3301</subfield>
		<subfield code="y">1999022804560000</subfield>
		<subfield code="z">load</subfield>
	</datafield>
	<datafield ind1=" " ind2=" " tag="040">
		<subfield code="a">RERO labcur</subfield>
	</datafield>
	<datafield ind1=" " ind2=" " tag="044">
		<subfield code="a">sz</subfield>
		<subfield code="c">ch-ge</subfield>
		<subfield code="a">sz</subfield>
		<subfield code="c">ch-ne</subfield>
	</datafield>
	<datafield ind1=" " ind2="7" tag="072">
		<subfield code="a">s1mu</subfield>
		<subfield code="2">rero</subfield>
	</datafield>
	<datafield ind1="1" ind2=" " tag="100">
		<subfield code="a">Bertholet, Alfred,</subfield>
		<subfield code="c">Musicien</subfield>
		<subfield code="4">cre</subfield>
	</datafield>
	<datafield ind1="1" ind2="0" tag="245">
		<subfield code="a">A vous la musique, 2ème année /</subfield>
		<subfield code="c">Alfred Bertholet, Jean-Louis Petignat</subfield>
	</datafield>
	<datafield ind1=" " ind2="1" tag="264">
		<subfield code="a">[Genève] :</subfield>
		<subfield code="b">Office romand des éditions et du matériel scolaires ;</subfield>
		<subfield code="a">Neuchâtel :</subfield>
		<subfield code="b">Office du matériel scolaire,</subfield>
		<subfield code="c">1976-1986</subfield>
	</datafield>
	<datafield ind1=" " ind2=" " tag="300">
		<subfield code="a">1 vol., 1 broch., 2 cassettes, fiches à l'usage des classes</subfield>
	</datafield>
	<datafield ind1=" " ind2=" " tag="336">
		<subfield code="8">01</subfield>
		<subfield code="b">txt</subfield>
		<subfield code="2">rdacontent</subfield>
	</datafield>
	<datafield ind1=" " ind2=" " tag="336">
		<subfield code="8">02</subfield>
		<subfield code="b">prm</subfield>
		<subfield code="2">rdacontent</subfield>
	</datafield>
	<datafield ind1=" " ind2=" " tag="336">
		<subfield code="8">03</subfield>
		<subfield code="b">ntm</subfield>
		<subfield code="2">rdacontent</subfield>
	</datafield>
	<datafield ind1=" " ind2=" " tag="337">
		<subfield code="8">01</subfield>
		<subfield code="b">n</subfield>
		<subfield code="2">rdamedia</subfield>
	</datafield>
	<datafield ind1=" " ind2=" " tag="337">
		<subfield code="8">02</subfield>
		<subfield code="b">s</subfield>
		<subfield code="2">rdamedia</subfield>
	</datafield>
	<datafield ind1=" " ind2=" " tag="337">
		<subfield code="8">03</subfield>
		<subfield code="b">n</subfield>
		<subfield code="2">rdamedia</subfield>
	</datafield>
	<datafield ind1=" " ind2=" " tag="338">
		<subfield code="8">01</subfield>
		<subfield code="b">nc</subfield>
		<subfield code="2">rdacarrier</subfield>
	</datafield>
	<datafield ind1=" " ind2=" " tag="338">
		<subfield code="8">02</subfield>
		<subfield code="b">ss</subfield>
		<subfield code="2">rdacarrier</subfield>
	</datafield>
	<datafield ind1=" " ind2=" " tag="338">
		<subfield code="8">03</subfield>
		<subfield code="b">nc</subfield>
		<subfield code="2">rdacarrier</subfield>
	</datafield>
	<datafield ind1=" " ind2=" " tag="339">
		<subfield code="a">docmaintype_other</subfield>
	</datafield>
	<datafield ind1=" " ind2=" " tag="500">
		<subfield code="a">Comprend: un ouvrage de méthodologie et fiches du maître; Notes en herbe, 2e année; une cassette d'audition et d'écoute dirigée; une cassette de chants (1re et 2e années); des fiches à l'usage des classes à degrés multiples</subfield>
	</datafield>
	<datafield ind1=" " ind2="7" tag="650">
		<subfield code="a">Musique</subfield>
		<subfield code="2">rero</subfield>
	</datafield>
	<datafield ind1=" " ind2="7" tag="650">
		<subfield code="a">Étude et enseignement</subfield>
		<subfield code="2">rero</subfield>
	</datafield>
	<datafield ind1=" " ind2="7" tag="655">
		<subfield code="a">[Multimédias]</subfield>
		<subfield code="2">rero</subfield>
	</datafield>
	<datafield ind1="1" ind2=" " tag="700">
		<subfield code="a">Petignat, Jean-Louis</subfield>
	</datafield>
	<datafield ind1=" " ind2=" " tag="900">
		<subfield code="a">noselfmerge</subfield>
	</datafield>
	<datafield ind1=" " ind2=" " tag="904">
		<subfield code="a">nedit</subfield>
	</datafield>
	<datafield ind1=" " ind2=" " tag="919">
		<subfield code="9">650 _7</subfield>
		<subfield code="a">musique - enseignement</subfield>
		<subfield code="v">[multimédia]</subfield>
		<subfield code="2">chrero</subfield>
	</datafield>
	<datafield ind1=" " ind2=" " tag="962">
		<subfield code="a">nebpun</subfield>
	</datafield>
	<datafield ind1=" " ind2=" " tag="994">
		<subfield code="a">NP MAV CASS 15</subfield>
		<subfield code="x">ne/bpun/a/1988/960 [Cassette d'audition.] [La cassete de chants manque.] [EXCLU DU PRET.]</subfield>
	</datafield>
	<datafield ind1=" " ind2=" " tag="994">
		<subfield code="a">NP 5R 2378</subfield>
		<subfield code="x">ne/bpun/a/1986/1689-1690 [Livres.] [EXCLU DU PRET.]</subfield>
	</datafield>
</record>