

<record>
	<leader>01219nas a22003257a 4500</leader>
	<controlfield tag="001">REROILS:2000061</controlfield>
	<controlfield tag="003">RERO</controlfield>
	<controlfield tag="005">20170517085200.0</controlfield>
	<controlfield tag="008">890620u        xx |||m|| ||||0 || 0und d</controlfield>
	<datafield ind1=" " ind2=" " tag="035">
		<subfield code="a">1124345</subfield>
	</datafield>
	<datafield ind1=" " ind2=" " tag="039">
		<subfield code="b">9400c</subfield>
	</datafield>
	<datafield ind1=" " ind2="9" tag="039">
		<subfield code="a">201705170852</subfield>
		<subfield code="b">VLOAD</subfield>
		<subfield code="c">201207291731</subfield>
		<subfield code="d">VLOAD</subfield>
		<subfield code="c">201207280820</subfield>
		<subfield code="d">VLOAD</subfield>
		<subfield code="c">201206221050</subfield>
		<subfield code="d">6240</subfield>
		<subfield code="y">1999022812150000</subfield>
		<subfield code="z">load</subfield>
	</datafield>
	<datafield ind1=" " ind2=" " tag="040">
		<subfield code="a">RERO neueth</subfield>
	</datafield>
	<datafield ind1=" " ind2="7" tag="072">
		<subfield code="a">s1ba</subfield>
		<subfield code="2">rero</subfield>
	</datafield>
	<datafield ind1="0" ind2="0" tag="245">
		<subfield code="a">Qạṭalôg / Yiśraʾel mûzêʾôn</subfield>
	</datafield>
	<datafield ind1="3" ind2=" " tag="246">
		<subfield code="a">Catalogue / Israel Museum</subfield>
	</datafield>
	<datafield ind1="3" ind2=" " tag="246">
		<subfield code="a">Catalogue / The Israel Museum</subfield>
	</datafield>
	<datafield ind1="3" ind2=" " tag="246">
		<subfield code="a">Cat. / Israel Museum</subfield>
	</datafield>
	<datafield ind1="3" ind2=" " tag="246">
		<subfield code="a">Ḳaṭalog / Yiśraʾel Muzeʾon</subfield>
	</datafield>
	<datafield ind1=" " ind2="1" tag="264">
		<subfield code="a">Yerûšalayim :</subfield>
		<subfield code="b">Yiśraʾel mûzêʾôn</subfield>
	</datafield>
	<datafield ind1=" " ind2=" " tag="336">
		<subfield code="b">txt</subfield>
		<subfield code="2">rdacontent</subfield>
	</datafield>
	<datafield ind1=" " ind2=" " tag="337">
		<subfield code="b">n</subfield>
		<subfield code="2">rdamedia</subfield>
	</datafield>
	<datafield ind1=" " ind2=" " tag="338">
		<subfield code="b">nc</subfield>
		<subfield code="2">rdacarrier</subfield>
	</datafield>
	<datafield ind1=" " ind2=" " tag="339">
		<subfield code="a">docmaintype_series</subfield>
	</datafield>
	<datafield ind1=" " ind2=" " tag="500">
		<subfield code="a">Se présente également sous la forme &quot;Catalogue / Israel Museum&quot;, &quot;Catalogue / The Israel Museum&quot; et &quot;Cat. / Israel Museum&quot;</subfield>
	</datafield>
	<datafield ind1=" " ind2=" " tag="500">
		<subfield code="a">Translittération selon ALA-LC: Ḳaṭalog / Yiśraʾel Muzeʾon</subfield>
	</datafield>
	<datafield ind1="2" ind2=" " tag="710">
		<subfield code="a">Musée d'Israël (Jérusalem)</subfield>
		<subfield code="0">(IdRef)118427369</subfield>
	</datafield>
	<datafield ind1=" " ind2=" " tag="900">
		<subfield code="a">noselfmerge</subfield>
	</datafield>
	<datafield ind1=" " ind2=" " tag="957">
		<subfield code="a">geveth</subfield>
	</datafield>
</record>