

<record>
	<leader>01100nas a22003257a 4500</leader>
	<controlfield tag="001">REROILS:2000072</controlfield>
	<controlfield tag="003">RERO</controlfield>
	<controlfield tag="005">20170518080500.0</controlfield>
	<controlfield tag="008">980902         fr |||m|  ||||0 |  0fre d</controlfield>
	<datafield ind1=" " ind2=" " tag="035">
		<subfield code="a">R235492160</subfield>
	</datafield>
	<datafield ind1=" " ind2=" " tag="039">
		<subfield code="b">6037</subfield>
	</datafield>
	<datafield ind1=" " ind2="9" tag="039">
		<subfield code="a">201705180805</subfield>
		<subfield code="b">VLOAD</subfield>
		<subfield code="c">201504300951</subfield>
		<subfield code="d">1548</subfield>
		<subfield code="c">201211061436</subfield>
		<subfield code="d">0007</subfield>
		<subfield code="c">200605280808</subfield>
		<subfield code="d">VLOAD</subfield>
		<subfield code="y">1999030123330000</subfield>
		<subfield code="z">load0060</subfield>
	</datafield>
	<datafield ind1=" " ind2=" " tag="040">
		<subfield code="a">RERO gevbpu</subfield>
	</datafield>
	<datafield ind1=" " ind2="7" tag="072">
		<subfield code="a">s1th</subfield>
		<subfield code="2">rero</subfield>
	</datafield>
	<datafield ind1="0" ind2="0" tag="245">
		<subfield code="a">Bulletin Saint Jean-Baptiste</subfield>
	</datafield>
	<datafield ind1=" " ind2="1" tag="264">
		<subfield code="a">Paris :</subfield>
		<subfield code="b">Cercle Saint Jean-Baptiste</subfield>
	</datafield>
	<datafield ind1=" " ind2=" " tag="336">
		<subfield code="b">txt</subfield>
		<subfield code="2">rdacontent</subfield>
	</datafield>
	<datafield ind1=" " ind2=" " tag="337">
		<subfield code="b">n</subfield>
		<subfield code="2">rdamedia</subfield>
	</datafield>
	<datafield ind1=" " ind2=" " tag="338">
		<subfield code="b">nc</subfield>
		<subfield code="2">rdacarrier</subfield>
	</datafield>
	<datafield ind1=" " ind2=" " tag="339">
		<subfield code="a">docmaintype_series</subfield>
	</datafield>
	<datafield ind1="0" ind2=" " tag="362">
		<subfield code="a">5(1964) - 9(1968)</subfield>
	</datafield>
	<datafield ind1=" " ind2=" " tag="580">
		<subfield code="a">Devient : Axes</subfield>
	</datafield>
	<datafield ind1=" " ind2=" " tag="580">
		<subfield code="a">Fait suite à : Bulletin du Cercle Saint Jean-Baptiste</subfield>
	</datafield>
	<datafield ind1="2" ind2=" " tag="710">
		<subfield code="a">Cercle Saint Jean-Baptiste</subfield>
	</datafield>
	<datafield ind1="1" ind2="0" tag="780">
		<subfield code="t">Bulletin du Cercle Saint Jean-Baptiste</subfield>
		<subfield code="w">REROILS:2000102</subfield>
	</datafield>
	<datafield ind1="1" ind2="0" tag="785">
		<subfield code="t">Axes : recherches pour un dialogue entre christianisme et religions</subfield>
		<subfield code="w">REROILS:2000101</subfield>
	</datafield>
	<datafield ind1=" " ind2=" " tag="900">
		<subfield code="a">noselfmerge</subfield>
	</datafield>
	<datafield ind1=" " ind2=" " tag="900">
		<subfield code="a">reroslsp</subfield>
	</datafield>
	<datafield ind1=" " ind2=" " tag="973">
		<subfield code="a">vsbasm</subfield>
	</datafield>
</record>