

<record>
	<leader>00658nas a22002297a 4500</leader>
	<controlfield tag="001">REROILS:2000012</controlfield>
	<controlfield tag="003">RERO</controlfield>
	<controlfield tag="005">20170516100300.0</controlfield>
	<controlfield tag="008">960525u        xx |||m|| ||||0 || 0und d</controlfield>
	<datafield ind1=" " ind2=" " tag="035">
		<subfield code="a">0402065</subfield>
	</datafield>
	<datafield ind1=" " ind2="9" tag="039">
		<subfield code="a">201705161003</subfield>
		<subfield code="b">VLOAD</subfield>
		<subfield code="c">200605280241</subfield>
		<subfield code="d">VLOAD</subfield>
		<subfield code="y">1999022719330000</subfield>
		<subfield code="z">load</subfield>
	</datafield>
	<datafield ind1=" " ind2=" " tag="040">
		<subfield code="a">RERO</subfield>
	</datafield>
	<datafield ind1="0" ind2="0" tag="245">
		<subfield code="a">Freiburger altorientalische Studien</subfield>
	</datafield>
	<datafield ind1=" " ind2="1" tag="264">
		<subfield code="a">Wiesbaden :</subfield>
		<subfield code="b">F. Steiner</subfield>
	</datafield>
	<datafield ind1=" " ind2=" " tag="336">
		<subfield code="b">txt</subfield>
		<subfield code="2">rdacontent</subfield>
	</datafield>
	<datafield ind1=" " ind2=" " tag="337">
		<subfield code="b">n</subfield>
		<subfield code="2">rdamedia</subfield>
	</datafield>
	<datafield ind1=" " ind2=" " tag="338">
		<subfield code="b">nc</subfield>
		<subfield code="2">rdacarrier</subfield>
	</datafield>
	<datafield ind1=" " ind2=" " tag="339">
		<subfield code="a">docmaintype_series</subfield>
	</datafield>
	<datafield ind1=" " ind2=" " tag="580">
		<subfield code="a">Beihefte: Altassyrische Texte und Untersuchungen</subfield>
	</datafield>
	<datafield ind1="1" ind2=" " tag="770">
		<subfield code="t">Altassyrische Texte und Untersuchungen</subfield>
		<subfield code="w">REROILS:153</subfield>
	</datafield>
	<datafield ind1=" " ind2=" " tag="900">
		<subfield code="a">noselfmerge</subfield>
	</datafield>
	<datafield ind1=" " ind2=" " tag="900">
		<subfield code="a">reroslsp</subfield>
	</datafield>
</record>