

<record>
	<leader>01233nas a2200325 a 4500</leader>
	<controlfield tag="001">REROILS:2000020</controlfield>
	<controlfield tag="003">RERO</controlfield>
	<controlfield tag="005">20200712140200.0</controlfield>
	<controlfield tag="008">960525d19111950xxu|||m|| ||||0 || 0eng d</controlfield>
	<datafield ind1=" " ind2=" " tag="035">
		<subfield code="a">0073800</subfield>
	</datafield>
	<datafield ind1=" " ind2="9" tag="039">
		<subfield code="a">202007121402</subfield>
		<subfield code="b">VLOAD</subfield>
		<subfield code="c">201803291615</subfield>
		<subfield code="d">VLOAD</subfield>
		<subfield code="c">201705151538</subfield>
		<subfield code="d">VLOAD</subfield>
		<subfield code="c">201703281350</subfield>
		<subfield code="d">VLOAD</subfield>
		<subfield code="y">1999022711460000</subfield>
		<subfield code="z">load</subfield>
	</datafield>
	<datafield ind1=" " ind2=" " tag="040">
		<subfield code="a">RERO</subfield>
	</datafield>
	<datafield ind1=" " ind2="7" tag="072">
		<subfield code="a">s1dr</subfield>
		<subfield code="2">rero</subfield>
	</datafield>
	<datafield ind1="0" ind2="0" tag="245">
		<subfield code="a">Classics of International Law</subfield>
	</datafield>
	<datafield ind1=" " ind2="1" tag="264">
		<subfield code="a">Washington :</subfield>
		<subfield code="b">Carnegie Institution ;</subfield>
		<subfield code="a">Oxford :</subfield>
		<subfield code="b">Clarendon Press</subfield>
	</datafield>
	<datafield ind1=" " ind2=" " tag="300">
		<subfield code="c">27 cm</subfield>
	</datafield>
	<datafield ind1=" " ind2=" " tag="336">
		<subfield code="b">txt</subfield>
		<subfield code="2">rdacontent</subfield>
	</datafield>
	<datafield ind1=" " ind2=" " tag="337">
		<subfield code="b">n</subfield>
		<subfield code="2">rdamedia</subfield>
	</datafield>
	<datafield ind1=" " ind2=" " tag="338">
		<subfield code="b">nc</subfield>
		<subfield code="2">rdacarrier</subfield>
	</datafield>
	<datafield ind1=" " ind2=" " tag="339">
		<subfield code="a">docmaintype_series</subfield>
	</datafield>
	<datafield ind1="0" ind2=" " tag="362">
		<subfield code="a">1(1911) - 19(1936) ; 20(1944) - 22(1950)</subfield>
	</datafield>
	<datafield ind1="0" ind2=" " tag="490">
		<subfield code="a">Publications of the Carnegie Endowment for International Peace. Division for International Law</subfield>
	</datafield>
	<datafield ind1="2" ind2=" " tag="710">
		<subfield code="a">Dotation Carnegie pour la paix internationale.</subfield>
		<subfield code="b">Division de droit international</subfield>
		<subfield code="0">(IdRef)08859176X</subfield>
	</datafield>
	<datafield ind1=" " ind2=" " tag="900">
		<subfield code="a">noselfmerge</subfield>
	</datafield>
	<datafield ind1=" " ind2=" " tag="956">
		<subfield code="a">frbcuc</subfield>
	</datafield>
	<datafield ind1=" " ind2=" " tag="957">
		<subfield code="a">geheid geubfd gevbge</subfield>
	</datafield>
	<datafield ind1=" " ind2=" " tag="982">
		<subfield code="2">heid</subfield>
		<subfield code="a">341(093)</subfield>
	</datafield>
	<datafield ind1=" " ind2=" " tag="982">
		<subfield code="2">ge-heid</subfield>
		<subfield code="a">341(093) HEIA 19240</subfield>
	</datafield>
</record>