

<record>
	<leader>01471nam a2200421 a 4500</leader>
	<controlfield tag="001">REROILS:2000056</controlfield>
	<controlfield tag="003">RERO</controlfield>
	<controlfield tag="005">20200710090600.0</controlfield>
	<controlfield tag="008">890509s1966    be |||||| ||||00|| |fre d</controlfield>
	<datafield ind1=" " ind2=" " tag="035">
		<subfield code="a">1109623</subfield>
	</datafield>
	<datafield ind1=" " ind2="9" tag="039">
		<subfield code="a">202007100906</subfield>
		<subfield code="b">VLOAD</subfield>
		<subfield code="c">202005132023</subfield>
		<subfield code="d">7712</subfield>
		<subfield code="c">201808251930</subfield>
		<subfield code="d">VLOAD</subfield>
		<subfield code="c">201803290808</subfield>
		<subfield code="d">VLOAD</subfield>
		<subfield code="y">1999022811540000</subfield>
		<subfield code="z">load</subfield>
	</datafield>
	<datafield ind1=" " ind2=" " tag="040">
		<subfield code="a">RERO geuses</subfield>
	</datafield>
	<datafield ind1=" " ind2="7" tag="072">
		<subfield code="a">s1ht</subfield>
		<subfield code="2">rero</subfield>
	</datafield>
	<datafield ind1=" " ind2="7" tag="072">
		<subfield code="a">s2th</subfield>
		<subfield code="2">rero</subfield>
	</datafield>
	<datafield ind1="0" ind2="0" tag="245">
		<subfield code="a">150 ans de mouvement ouvrier chrétien en Europe de l'Ouest, 1789-1939 /</subfield>
		<subfield code="c">réd. de S.H. Scholl ; ill. de F. Masereel ; [avec la collab. de E. Coornaert, A. Gambasin... et al.]</subfield>
	</datafield>
	<datafield ind1=" " ind2="1" tag="264">
		<subfield code="a">Louvain :</subfield>
		<subfield code="b">Ed. Nauwelaerts ;</subfield>
		<subfield code="a">Paris :</subfield>
		<subfield code="b">B. Nauwelaerts,</subfield>
		<subfield code="c">1966</subfield>
	</datafield>
	<datafield ind1=" " ind2=" " tag="300">
		<subfield code="a">512 p. :</subfield>
		<subfield code="b">ill. ;</subfield>
		<subfield code="c">24 cm</subfield>
	</datafield>
	<datafield ind1=" " ind2=" " tag="336">
		<subfield code="b">txt</subfield>
		<subfield code="2">rdacontent</subfield>
	</datafield>
	<datafield ind1=" " ind2=" " tag="337">
		<subfield code="b">n</subfield>
		<subfield code="2">rdamedia</subfield>
	</datafield>
	<datafield ind1=" " ind2=" " tag="338">
		<subfield code="b">nc</subfield>
		<subfield code="2">rdacarrier</subfield>
	</datafield>
	<datafield ind1=" " ind2=" " tag="339">
		<subfield code="a">docmaintype_book</subfield>
		<subfield code="b">docsubtype_other_book</subfield>
	</datafield>
	<datafield ind1=" " ind2="7" tag="650">
		<subfield code="a">Mouvement ouvrier</subfield>
		<subfield code="2">rero</subfield>
	</datafield>
	<datafield ind1=" " ind2="7" tag="650">
		<subfield code="a">1789-1939</subfield>
		<subfield code="2">rero</subfield>
	</datafield>
	<datafield ind1=" " ind2="7" tag="650">
		<subfield code="a">Église catholique</subfield>
		<subfield code="2">rero</subfield>
	</datafield>
	<datafield ind1=" " ind2="7" tag="651">
		<subfield code="a">Europe occidentale</subfield>
		<subfield code="2">rero</subfield>
	</datafield>
	<datafield ind1="1" ind2=" " tag="700">
		<subfield code="a">Scholl, Servatus Herman</subfield>
		<subfield code="0">(IdRef)11964603X</subfield>
	</datafield>
	<datafield ind1="1" ind2=" " tag="700">
		<subfield code="a">Masereel, Frans</subfield>
	</datafield>
	<datafield ind1="1" ind2=" " tag="700">
		<subfield code="a">Coornaert, Emile</subfield>
		<subfield code="0">(IdRef)026798212</subfield>
	</datafield>
	<datafield ind1=" " ind2=" " tag="900">
		<subfield code="a">noselfmerge</subfield>
	</datafield>
	<datafield ind1=" " ind2=" " tag="902">
		<subfield code="a">recatheidcdu</subfield>
	</datafield>
	<datafield ind1=" " ind2=" " tag="919">
		<subfield code="9">650 _7</subfield>
		<subfield code="a">catholicisme</subfield>
		<subfield code="x">mouvement ouvrier</subfield>
		<subfield code="z">Europe occidentale</subfield>
		<subfield code="y">1789 / 1939</subfield>
		<subfield code="2">chrero</subfield>
	</datafield>
	<datafield ind1=" " ind2=" " tag="956">
		<subfield code="a">frbcuc</subfield>
	</datafield>
	<datafield ind1=" " ind2=" " tag="957">
		<subfield code="a">geheid gevbge</subfield>
	</datafield>
	<datafield ind1=" " ind2=" " tag="962">
		<subfield code="a">necfbv</subfield>
	</datafield>
	<datafield ind1=" " ind2=" " tag="982">
		<subfield code="2">ge-heid</subfield>
		<subfield code="a">335.1 CENT</subfield>
	</datafield>
	<datafield ind1=" " ind2=" " tag="992">
		<subfield code="a">BGE TU 1931</subfield>
		<subfield code="x">ge/vbge/a/67/138</subfield>
	</datafield>
	<datafield ind1=" " ind2=" " tag="994">
		<subfield code="a">CFV 331.88 SCH</subfield>
		<subfield code="x">--</subfield>
	</datafield>
</record>