

<record>
	<leader>01240nam a22003857a 4500</leader>
	<controlfield tag="001">REROILS:2000017</controlfield>
	<controlfield tag="003">RERO</controlfield>
	<controlfield tag="005">20181119144100.0</controlfield>
	<controlfield tag="008">040604m20049999fr ||| |  ||||00|  |fre d</controlfield>
	<datafield ind1=" " ind2=" " tag="020">
		<subfield code="a">2092502794 (t. 1)</subfield>
	</datafield>
	<datafield ind1=" " ind2=" " tag="020">
		<subfield code="a">2092502808 (t. 2)</subfield>
	</datafield>
	<datafield ind1=" " ind2=" " tag="020">
		<subfield code="a">2092502816 (t. 3)</subfield>
	</datafield>
	<datafield ind1="7" ind2=" " tag="024">
		<subfield code="a">http://catalogue.bnf.fr/ark:/12148/cb391738961</subfield>
		<subfield code="2">uri</subfield>
	</datafield>
	<datafield ind1=" " ind2=" " tag="035">
		<subfield code="a">R003647119</subfield>
	</datafield>
	<datafield ind1=" " ind2="9" tag="039">
		<subfield code="a">201811191441</subfield>
		<subfield code="b">0922</subfield>
		<subfield code="c">201802081510</subfield>
		<subfield code="d">3904</subfield>
		<subfield code="c">201705181713</subfield>
		<subfield code="d">VLOAD</subfield>
		<subfield code="c">201704012000</subfield>
		<subfield code="d">VLOAD</subfield>
		<subfield code="y">200406041501</subfield>
		<subfield code="z">0909</subfield>
	</datafield>
	<datafield ind1=" " ind2=" " tag="040">
		<subfield code="a">RERO frbcuc</subfield>
	</datafield>
	<datafield ind1=" " ind2="7" tag="072">
		<subfield code="a">s1fr</subfield>
		<subfield code="2">rero</subfield>
	</datafield>
	<datafield ind1="1" ind2=" " tag="100">
		<subfield code="a">Cantin, Marc</subfield>
		<subfield code="4">cre</subfield>
		<subfield code="0">(IdRef)033963584</subfield>
	</datafield>
	<datafield ind1="1" ind2="4" tag="245">
		<subfield code="a">Les maléfices d'Halequin /</subfield>
		<subfield code="c">Marc Cantin</subfield>
	</datafield>
	<datafield ind1=" " ind2="1" tag="264">
		<subfield code="a">Paris :</subfield>
		<subfield code="b">Nathan,</subfield>
		<subfield code="c">2004-</subfield>
	</datafield>
	<datafield ind1=" " ind2=" " tag="300">
		<subfield code="a">3 vol.</subfield>
	</datafield>
	<datafield ind1=" " ind2=" " tag="336">
		<subfield code="b">txt</subfield>
		<subfield code="2">rdacontent</subfield>
	</datafield>
	<datafield ind1=" " ind2=" " tag="337">
		<subfield code="b">n</subfield>
		<subfield code="2">rdamedia</subfield>
	</datafield>
	<datafield ind1=" " ind2=" " tag="338">
		<subfield code="b">nc</subfield>
		<subfield code="2">rdacarrier</subfield>
	</datafield>
	<datafield ind1=" " ind2=" " tag="339">
		<subfield code="a">docmaintype_book</subfield>
		<subfield code="b">docsubtype_other_book</subfield>
	</datafield>
	<datafield ind1="0" ind2=" " tag="505">
		<subfield code="a">T. 1: L'oeil de Bézoard. - 2004. - 234 p.</subfield>
	</datafield>
	<datafield ind1="0" ind2=" " tag="505">
		<subfield code="a">T. 2: La nuit des ghülls. - 2004. - 239 p.</subfield>
	</datafield>
	<datafield ind1="0" ind2=" " tag="505">
		<subfield code="a">T. 3: Le dernier combat. - 2005. - 231 p.</subfield>
	</datafield>
	<datafield ind1=" " ind2=" " tag="521">
		<subfield code="a">Enfants (9-12 ans)</subfield>
		<subfield code="9">vdbstl/10.2011</subfield>
	</datafield>
	<datafield ind1=" " ind2=" " tag="521">
		<subfield code="a">Adolescents (12-15 ans)</subfield>
		<subfield code="9">vsbcvs/07.2014</subfield>
	</datafield>
	<datafield ind1=" " ind2=" " tag="900">
		<subfield code="a">noselfmerge</subfield>
	</datafield>
	<datafield ind1=" " ind2=" " tag="919">
		<subfield code="a">FANTASTIQUE</subfield>
		<subfield code="x">Roman</subfield>
		<subfield code="2">choix</subfield>
	</datafield>
	<datafield ind1=" " ind2=" " tag="919">
		<subfield code="a">MOYEN AGE</subfield>
		<subfield code="x">Roman</subfield>
		<subfield code="2">choix</subfield>
	</datafield>
	<datafield ind1=" " ind2=" " tag="973">
		<subfield code="a">vsbcvs</subfield>
	</datafield>
</record>