

<record>
	<leader>00652nas a22002297a 4500</leader>
	<controlfield tag="001">REROILS:2000069</controlfield>
	<controlfield tag="003">RERO</controlfield>
	<controlfield tag="005">20190705133100.0</controlfield>
	<controlfield tag="008">881025 19889999ne |||m|| ||||0 || 0eng d</controlfield>
	<datafield ind1=" " ind2=" " tag="035">
		<subfield code="a">1033829</subfield>
	</datafield>
	<datafield ind1=" " ind2="9" tag="039">
		<subfield code="a">201907051331</subfield>
		<subfield code="b">VLOAD</subfield>
		<subfield code="c">201705170937</subfield>
		<subfield code="d">VLOAD</subfield>
		<subfield code="c">200809291519</subfield>
		<subfield code="d">7159</subfield>
		<subfield code="c">200605291331</subfield>
		<subfield code="d">VLOAD</subfield>
		<subfield code="y">1999022810070000</subfield>
		<subfield code="z">load</subfield>
	</datafield>
	<datafield ind1=" " ind2=" " tag="040">
		<subfield code="a">RERO lausst</subfield>
	</datafield>
	<datafield ind1=" " ind2="7" tag="072">
		<subfield code="a">s1st</subfield>
		<subfield code="2">rero</subfield>
	</datafield>
	<datafield ind1="0" ind2="0" tag="245">
		<subfield code="a">Developments in structural geology</subfield>
	</datafield>
	<datafield ind1=" " ind2="1" tag="264">
		<subfield code="a">Amsterdam ;</subfield>
		<subfield code="a">Oxford [etc.] :</subfield>
		<subfield code="b">Elsevier</subfield>
	</datafield>
	<datafield ind1=" " ind2=" " tag="336">
		<subfield code="b">txt</subfield>
		<subfield code="2">rdacontent</subfield>
	</datafield>
	<datafield ind1=" " ind2=" " tag="337">
		<subfield code="b">n</subfield>
		<subfield code="2">rdamedia</subfield>
	</datafield>
	<datafield ind1=" " ind2=" " tag="338">
		<subfield code="b">nc</subfield>
		<subfield code="2">rdacarrier</subfield>
	</datafield>
	<datafield ind1=" " ind2=" " tag="339">
		<subfield code="a">docmaintype_series</subfield>
	</datafield>
	<datafield ind1="0" ind2=" " tag="362">
		<subfield code="a">1(1988)-</subfield>
	</datafield>
	<datafield ind1=" " ind2=" " tag="900">
		<subfield code="a">noselfmerge</subfield>
	</datafield>
	<datafield ind1=" " ind2=" " tag="900">
		<subfield code="a">reroslsp</subfield>
	</datafield>
</record>