

<record>
	<leader>03318nas a22008897a 4500</leader>
	<controlfield tag="001">REROILS:2000024</controlfield>
	<controlfield tag="003">RERO</controlfield>
	<controlfield tag="005">20200731140200.0</controlfield>
	<controlfield tag="008">000829c9999    xx |||m|| ||||0 || 0und d</controlfield>
	<datafield ind1=" " ind2=" " tag="019">
		<subfield code="a">D signifie &quot;J'ai lu. Documents&quot;</subfield>
		<subfield code="9">21.03.1991/larero/gr</subfield>
	</datafield>
	<datafield ind1=" " ind2=" " tag="019">
		<subfield code="a">!!! La mention &quot;Document&quot; au singulier ne signifie pas que l'ouvrage fait partie de la série &quot;Documents&quot; !!!</subfield>
		<subfield code="9">frbcuc/2001.03</subfield>
	</datafield>
	<datafield ind1=" " ind2=" " tag="022">
		<subfield code="a">0291-3623</subfield>
	</datafield>
	<datafield ind1=" " ind2=" " tag="022">
		<subfield code="a">0291-3496 (J'ai lu. Les romans préférés de Barbara Cartland)</subfield>
	</datafield>
	<datafield ind1=" " ind2=" " tag="022">
		<subfield code="a">0296-0672 (J'ai lu. Roman)</subfield>
	</datafield>
	<datafield ind1=" " ind2=" " tag="022">
		<subfield code="a">0296-0664 (J'ai lu. Pour lecteurs avertis)</subfield>
	</datafield>
	<datafield ind1=" " ind2=" " tag="022">
		<subfield code="a">0981-6305 (J'ai lu. Les introuvables de Barbara Cartland)</subfield>
	</datafield>
	<datafield ind1=" " ind2=" " tag="022">
		<subfield code="a">0764-860X (J'ai lu. Epouvante)</subfield>
	</datafield>
	<datafield ind1=" " ind2=" " tag="022">
		<subfield code="a">0988-0895 (J'ai lu. Thriller)</subfield>
	</datafield>
	<datafield ind1=" " ind2=" " tag="022">
		<subfield code="a">0993-7870 (J'ai lu. Suspense)</subfield>
	</datafield>
	<datafield ind1=" " ind2=" " tag="022">
		<subfield code="a">1144-7974 (J'ai lu. New age)</subfield>
	</datafield>
	<datafield ind1=" " ind2=" " tag="022">
		<subfield code="a">0768-0635 (J'ai lu. Science fiction)</subfield>
	</datafield>
	<datafield ind1=" " ind2=" " tag="022">
		<subfield code="a">0768-0627 (J'ai lu. Roman policier)</subfield>
	</datafield>
	<datafield ind1=" " ind2=" " tag="022">
		<subfield code="a">1159-7623 (J'ai lu. Bien-être)</subfield>
	</datafield>
	<datafield ind1=" " ind2=" " tag="022">
		<subfield code="a">1242-6741 (J'ai lu les classiques)</subfield>
	</datafield>
	<datafield ind1=" " ind2=" " tag="022">
		<subfield code="a">1242-8469 (Crimes &amp; enquêtes)</subfield>
	</datafield>
	<datafield ind1=" " ind2=" " tag="022">
		<subfield code="a">1258-2166 (Les grands romans)</subfield>
	</datafield>
	<datafield ind1=" " ind2=" " tag="022">
		<subfield code="a">1264-1820 (J'ai lu. Aventure secrète)</subfield>
	</datafield>
	<datafield ind1=" " ind2=" " tag="022">
		<subfield code="a">1264-4471 (Rose &amp; noire)</subfield>
	</datafield>
	<datafield ind1=" " ind2=" " tag="022">
		<subfield code="a">1272-0089 (J'ai lu. Manga)</subfield>
	</datafield>
	<datafield ind1=" " ind2=" " tag="022">
		<subfield code="a">1272-274X (Amour et destin)</subfield>
	</datafield>
	<datafield ind1=" " ind2=" " tag="022">
		<subfield code="a">1272-2731 (Aventures et passions)</subfield>
	</datafield>
	<datafield ind1=" " ind2=" " tag="022">
		<subfield code="a">0763-3912 (J'ai lu. L'histoire)</subfield>
	</datafield>
	<datafield ind1=" " ind2=" " tag="022">
		<subfield code="a">1633-9541 (J'ai lu. Fantastique)</subfield>
	</datafield>
	<datafield ind1=" " ind2=" " tag="035">
		<subfield code="a">0531300</subfield>
	</datafield>
	<datafield ind1=" " ind2=" " tag="039">
		<subfield code="b">9400</subfield>
	</datafield>
	<datafield ind1=" " ind2="9" tag="039">
		<subfield code="a">202007311402</subfield>
		<subfield code="b">1000</subfield>
		<subfield code="c">201909201439</subfield>
		<subfield code="d">4804</subfield>
		<subfield code="c">201908271852</subfield>
		<subfield code="d">3544</subfield>
		<subfield code="c">201705161400</subfield>
		<subfield code="d">VLOAD</subfield>
		<subfield code="y">1999022722180000</subfield>
		<subfield code="z">load</subfield>
	</datafield>
	<datafield ind1=" " ind2=" " tag="040">
		<subfield code="a">RERO</subfield>
	</datafield>
	<datafield ind1="0" ind2="0" tag="245">
		<subfield code="a">J'ai lu</subfield>
	</datafield>
	<datafield ind1="3" ind2=" " tag="246">
		<subfield code="a">J'ai lu.</subfield>
		<subfield code="p">Bien-être</subfield>
	</datafield>
	<datafield ind1="3" ind2=" " tag="246">
		<subfield code="a">J'ai lu.</subfield>
		<subfield code="p">Bien-vivre</subfield>
	</datafield>
	<datafield ind1="3" ind2=" " tag="246">
		<subfield code="a">J'ai lu.</subfield>
		<subfield code="p">Aventure secrète</subfield>
	</datafield>
	<datafield ind1="3" ind2=" " tag="246">
		<subfield code="a">J'ai lu.</subfield>
		<subfield code="p">Jeunesse</subfield>
	</datafield>
	<datafield ind1="3" ind2=" " tag="246">
		<subfield code="a">J'ai lu.</subfield>
		<subfield code="p">Manga</subfield>
	</datafield>
	<datafield ind1="3" ind2=" " tag="246">
		<subfield code="a">J'ai lu.</subfield>
		<subfield code="p">Les romans préférés de Barbara Cartland</subfield>
	</datafield>
	<datafield ind1="3" ind2=" " tag="246">
		<subfield code="a">J'ai lu.</subfield>
		<subfield code="p">Roman</subfield>
	</datafield>
	<datafield ind1="3" ind2=" " tag="246">
		<subfield code="a">J'ai lu.</subfield>
		<subfield code="p">Pour lecteurs avertis</subfield>
	</datafield>
	<datafield ind1="3" ind2=" " tag="246">
		<subfield code="a">J'ai lu.</subfield>
		<subfield code="p">Les introuvables de Barbara Cartland</subfield>
	</datafield>
	<datafield ind1="3" ind2=" " tag="246">
		<subfield code="a">J'ai lu.</subfield>
		<subfield code="p">Epouvante</subfield>
	</datafield>
	<datafield ind1="3" ind2=" " tag="246">
		<subfield code="a">J'ai lu.</subfield>
		<subfield code="p">Thriller</subfield>
	</datafield>
	<datafield ind1="3" ind2=" " tag="246">
		<subfield code="a">J'ai lu.</subfield>
		<subfield code="p">Suspense</subfield>
	</datafield>
	<datafield ind1="3" ind2=" " tag="246">
		<subfield code="a">J'ai lu.</subfield>
		<subfield code="p">New age</subfield>
	</datafield>
	<datafield ind1="3" ind2=" " tag="246">
		<subfield code="a">J'ai lu.</subfield>
		<subfield code="p">Science fiction</subfield>
	</datafield>
	<datafield ind1="3" ind2=" " tag="246">
		<subfield code="a">J'ai lu.</subfield>
		<subfield code="p">Roman policier</subfield>
	</datafield>
	<datafield ind1="3" ind2=" " tag="246">
		<subfield code="a">J'ai lu.</subfield>
		<subfield code="p">Les classiques</subfield>
	</datafield>
	<datafield ind1="3" ind2=" " tag="246">
		<subfield code="a">Jai lu.</subfield>
		<subfield code="p">Les grands romans</subfield>
	</datafield>
	<datafield ind1="3" ind2=" " tag="246">
		<subfield code="a">J'ai lu.</subfield>
		<subfield code="p">Crimes &amp; enquêtes</subfield>
	</datafield>
	<datafield ind1="3" ind2=" " tag="246">
		<subfield code="a">J'ai lu.</subfield>
		<subfield code="p">Rose &amp; noire</subfield>
	</datafield>
	<datafield ind1="3" ind2=" " tag="246">
		<subfield code="a">J'ai lu.</subfield>
		<subfield code="p">Amour et destin</subfield>
	</datafield>
	<datafield ind1="3" ind2=" " tag="246">
		<subfield code="a">J'ai lu.</subfield>
		<subfield code="p">Aventures et passions</subfield>
	</datafield>
	<datafield ind1="3" ind2=" " tag="246">
		<subfield code="a">J'ai lu.</subfield>
		<subfield code="p">L'histoire</subfield>
	</datafield>
	<datafield ind1="3" ind2=" " tag="246">
		<subfield code="a">J'ai lu.</subfield>
		<subfield code="p">Peur bleue</subfield>
	</datafield>
	<datafield ind1="3" ind2=" " tag="246">
		<subfield code="a">J'ai lu.</subfield>
		<subfield code="p">Noir mystère</subfield>
	</datafield>
	<datafield ind1="3" ind2=" " tag="246">
		<subfield code="a">J'ai lu.</subfield>
		<subfield code="p">Récit</subfield>
	</datafield>
	<datafield ind1="3" ind2=" " tag="246">
		<subfield code="a">J'ai lu.</subfield>
		<subfield code="p">Vie active</subfield>
	</datafield>
	<datafield ind1="3" ind2=" " tag="246">
		<subfield code="a">J'ai lu.</subfield>
		<subfield code="p">Témoignage</subfield>
	</datafield>
	<datafield ind1="3" ind2=" " tag="246">
		<subfield code="a">J'ai lu.</subfield>
		<subfield code="p">Fantastique</subfield>
	</datafield>
	<datafield ind1="3" ind2=" " tag="246">
		<subfield code="a">J'ai lu.</subfield>
		<subfield code="p">Essai</subfield>
	</datafield>
	<datafield ind1="3" ind2=" " tag="246">
		<subfield code="a">J'ai lu.</subfield>
		<subfield code="p">Pour elle</subfield>
	</datafield>
	<datafield ind1=" " ind2="1" tag="264">
		<subfield code="a">Paris :</subfield>
		<subfield code="b">J'ai lu,</subfield>
		<subfield code="c">1957-</subfield>
	</datafield>
	<datafield ind1=" " ind2=" " tag="336">
		<subfield code="b">txt</subfield>
		<subfield code="2">rdacontent</subfield>
	</datafield>
	<datafield ind1=" " ind2=" " tag="337">
		<subfield code="b">n</subfield>
		<subfield code="2">rdamedia</subfield>
	</datafield>
	<datafield ind1=" " ind2=" " tag="338">
		<subfield code="b">nc</subfield>
		<subfield code="2">rdacarrier</subfield>
	</datafield>
	<datafield ind1=" " ind2=" " tag="339">
		<subfield code="a">docmaintype_series</subfield>
	</datafield>
	<datafield ind1="0" ind2=" " tag="362">
		<subfield code="a">1-</subfield>
	</datafield>
	<datafield ind1=" " ind2=" " tag="500">
		<subfield code="a">Les séries (sous-séries) ne sont pas cataloguées séparément, sauf: L'Aventure mystérieuse (et ses variantes), BD, Cinéma, Connaissance, Documents, L'essentiel, La vie, Policier (années 196x)</subfield>
	</datafield>
	<datafield ind1=" " ind2=" " tag="900">
		<subfield code="a">swissbibnomerge</subfield>
	</datafield>
	<datafield ind1=" " ind2=" " tag="900">
		<subfield code="a">reroslsp</subfield>
	</datafield>
</record>