

<record>
	<leader>00983nas a2200265 a 4500</leader>
	<controlfield tag="001">REROILS:2000030</controlfield>
	<controlfield tag="003">RERO</controlfield>
	<controlfield tag="005">20190705131500.0</controlfield>
	<controlfield tag="008">870505c19579999sz |||m|| ||||0 || 0ger d</controlfield>
	<datafield ind1=" " ind2=" " tag="035">
		<subfield code="a">0837971</subfield>
	</datafield>
	<datafield ind1=" " ind2="9" tag="039">
		<subfield code="a">201907051315</subfield>
		<subfield code="b">VLOAD</subfield>
		<subfield code="c">201705161056</subfield>
		<subfield code="d">VLOAD</subfield>
		<subfield code="c">201704011312</subfield>
		<subfield code="d">VLOAD</subfield>
		<subfield code="c">201209251720</subfield>
		<subfield code="d">VLOAD</subfield>
		<subfield code="y">1999022805330000</subfield>
		<subfield code="z">load</subfield>
	</datafield>
	<datafield ind1=" " ind2=" " tag="040">
		<subfield code="a">RERO labcur</subfield>
	</datafield>
	<datafield ind1="0" ind2=" " tag="041">
		<subfield code="a">ger</subfield>
		<subfield code="a">fre</subfield>
	</datafield>
	<datafield ind1=" " ind2="7" tag="072">
		<subfield code="a">s1st</subfield>
		<subfield code="2">rero</subfield>
	</datafield>
	<datafield ind1="0" ind2="0" tag="245">
		<subfield code="a">Mitteilungen der Schweizerischen Gesellschaft für Boden- und Felsmechanik =</subfield>
		<subfield code="b">Publications de la Société suisse de mécanique des sols et des roches</subfield>
	</datafield>
	<datafield ind1="3" ind2=" " tag="246">
		<subfield code="a">Publications de la Société suisse de mécanique des sols et des roches</subfield>
	</datafield>
	<datafield ind1=" " ind2="1" tag="264">
		<subfield code="a">Zürich :</subfield>
		<subfield code="b">Société suisse de mécanique des sols et des roches,</subfield>
		<subfield code="c">1957-&gt;</subfield>
	</datafield>
	<datafield ind1=" " ind2=" " tag="300">
		<subfield code="c">30 cm</subfield>
	</datafield>
	<datafield ind1=" " ind2=" " tag="336">
		<subfield code="b">txt</subfield>
		<subfield code="2">rdacontent</subfield>
	</datafield>
	<datafield ind1=" " ind2=" " tag="337">
		<subfield code="b">n</subfield>
		<subfield code="2">rdamedia</subfield>
	</datafield>
	<datafield ind1=" " ind2=" " tag="338">
		<subfield code="b">nc</subfield>
		<subfield code="2">rdacarrier</subfield>
	</datafield>
	<datafield ind1=" " ind2=" " tag="339">
		<subfield code="a">docmaintype_series</subfield>
	</datafield>
	<datafield ind1="2" ind2=" " tag="710">
		<subfield code="a">Société suisse de mécanique des sols et des roches</subfield>
		<subfield code="0">(IdRef)230233384</subfield>
	</datafield>
	<datafield ind1=" " ind2=" " tag="900">
		<subfield code="a">noselfmerge</subfield>
	</datafield>
	<datafield ind1=" " ind2=" " tag="962">
		<subfield code="a">neushy</subfield>
	</datafield>
</record>