

<record>
	<leader>00874nas a2200289 a 4500</leader>
	<controlfield tag="001">REROILS:2000033</controlfield>
	<controlfield tag="003">RERO</controlfield>
	<controlfield tag="005">20170518085600.0</controlfield>
	<controlfield tag="008">981029d19361964xxk|||p|| ||||0 || 0eng d</controlfield>
	<datafield ind1=" " ind2=" " tag="035">
		<subfield code="a">R238483360</subfield>
	</datafield>
	<datafield ind1=" " ind2=" " tag="039">
		<subfield code="b">0011</subfield>
	</datafield>
	<datafield ind1=" " ind2="9" tag="039">
		<subfield code="a">201705180856</subfield>
		<subfield code="b">VLOAD</subfield>
		<subfield code="c">201210191727</subfield>
		<subfield code="d">VLOAD</subfield>
		<subfield code="c">200605280956</subfield>
		<subfield code="d">VLOAD</subfield>
		<subfield code="c">200410131455</subfield>
		<subfield code="d">VLOAD</subfield>
		<subfield code="y">1999030200190000</subfield>
		<subfield code="z">load</subfield>
	</datafield>
	<datafield ind1=" " ind2=" " tag="040">
		<subfield code="a">RERO frbcuc</subfield>
	</datafield>
	<datafield ind1="0" ind2="0" tag="245">
		<subfield code="a">Eastern Churches quarterly</subfield>
	</datafield>
	<datafield ind1=" " ind2="1" tag="264">
		<subfield code="a">Antwerp :</subfield>
		<subfield code="b">Vita et Pax</subfield>
	</datafield>
	<datafield ind1=" " ind2=" " tag="300">
		<subfield code="c">21 cm</subfield>
	</datafield>
	<datafield ind1=" " ind2=" " tag="310">
		<subfield code="a">Quarterly</subfield>
	</datafield>
	<datafield ind1=" " ind2=" " tag="336">
		<subfield code="b">txt</subfield>
		<subfield code="2">rdacontent</subfield>
	</datafield>
	<datafield ind1=" " ind2=" " tag="337">
		<subfield code="b">n</subfield>
		<subfield code="2">rdamedia</subfield>
	</datafield>
	<datafield ind1=" " ind2=" " tag="338">
		<subfield code="b">nc</subfield>
		<subfield code="2">rdacarrier</subfield>
	</datafield>
	<datafield ind1=" " ind2=" " tag="339">
		<subfield code="a">docmaintype_serial</subfield>
	</datafield>
	<datafield ind1="0" ind2=" " tag="362">
		<subfield code="a">1(1936)-16(1964)</subfield>
	</datafield>
	<datafield ind1=" " ind2=" " tag="580">
		<subfield code="a">Devient: One in Christ</subfield>
	</datafield>
	<datafield ind1="1" ind2="0" tag="785">
		<subfield code="t">One in Christ : a catholic ecumenical review</subfield>
		<subfield code="w">REROILS:36</subfield>
	</datafield>
	<datafield ind1=" " ind2=" " tag="900">
		<subfield code="a">noselfmerge</subfield>
	</datafield>
	<datafield ind1=" " ind2=" " tag="957">
		<subfield code="a">gewcc-</subfield>
	</datafield>
</record>