

<record>
	<leader>01206nas a2200349 a 4500</leader>
	<controlfield tag="001">REROILS:2000031</controlfield>
	<controlfield tag="003">RERO</controlfield>
	<controlfield tag="005">20190705125800.0</controlfield>
	<controlfield tag="008">000806c19559999gw |||p|| ||||0 || 0ger d</controlfield>
	<datafield ind1=" " ind2=" " tag="019">
		<subfield code="a">BPUN: Collection gérée par le Service des périod.</subfield>
		<subfield code="9">11.02.1993/nebpup/tua</subfield>
	</datafield>
	<datafield ind1=" " ind2=" " tag="022">
		<subfield code="a">0423-3441</subfield>
	</datafield>
	<datafield ind1=" " ind2=" " tag="035">
		<subfield code="a">0664144</subfield>
	</datafield>
	<datafield ind1=" " ind2=" " tag="039">
		<subfield code="b">9400c</subfield>
	</datafield>
	<datafield ind1=" " ind2="9" tag="039">
		<subfield code="a">201907051258</subfield>
		<subfield code="b">VLOAD</subfield>
		<subfield code="c">201705161213</subfield>
		<subfield code="d">VLOAD</subfield>
		<subfield code="c">201704011102</subfield>
		<subfield code="d">VLOAD</subfield>
		<subfield code="c">200812231302</subfield>
		<subfield code="d">VLOAD</subfield>
		<subfield code="y">1999022801300000</subfield>
		<subfield code="z">load</subfield>
	</datafield>
	<datafield ind1=" " ind2=" " tag="040">
		<subfield code="a">RERO labcur</subfield>
	</datafield>
	<datafield ind1=" " ind2="7" tag="072">
		<subfield code="a">s1me</subfield>
		<subfield code="2">rero</subfield>
	</datafield>
	<datafield ind1=" " ind2="7" tag="072">
		<subfield code="a">s2sg</subfield>
		<subfield code="2">rero</subfield>
	</datafield>
	<datafield ind1="0" ind2="0" tag="245">
		<subfield code="a">Erlanger Forschungen.</subfield>
		<subfield code="p">Reihe B, Naturwissenschaften und Medizin /</subfield>
		<subfield code="c">Universitätsbund Erlangen-Nürnberg, Universitätsbibliothek Erlangen-Nürnberg</subfield>
	</datafield>
	<datafield ind1=" " ind2="1" tag="264">
		<subfield code="a">Erlangen :</subfield>
		<subfield code="b">Universitätsbund Erlangen-Nürnberg,</subfield>
		<subfield code="c">1955-&gt;</subfield>
	</datafield>
	<datafield ind1=" " ind2=" " tag="300">
		<subfield code="c">25 cm [et] 30 cm</subfield>
	</datafield>
	<datafield ind1=" " ind2=" " tag="310">
		<subfield code="a">Semestriel</subfield>
	</datafield>
	<datafield ind1=" " ind2=" " tag="336">
		<subfield code="b">txt</subfield>
		<subfield code="2">rdacontent</subfield>
	</datafield>
	<datafield ind1=" " ind2=" " tag="337">
		<subfield code="b">n</subfield>
		<subfield code="2">rdamedia</subfield>
	</datafield>
	<datafield ind1=" " ind2=" " tag="338">
		<subfield code="b">nc</subfield>
		<subfield code="2">rdacarrier</subfield>
	</datafield>
	<datafield ind1=" " ind2=" " tag="339">
		<subfield code="a">docmaintype_serial</subfield>
	</datafield>
	<datafield ind1="0" ind2=" " tag="362">
		<subfield code="a">Bd. 1(1955)-&gt;</subfield>
	</datafield>
	<datafield ind1="2" ind2=" " tag="710">
		<subfield code="a">Universitätsbibliothek (Erlangen / Nürnberg)</subfield>
		<subfield code="0">(IdRef)028033078</subfield>
	</datafield>
	<datafield ind1="2" ind2=" " tag="710">
		<subfield code="a">Universitätsbund Erlangen-Nürnberg</subfield>
		<subfield code="0">(IdRef)030089980</subfield>
	</datafield>
	<datafield ind1=" " ind2=" " tag="900">
		<subfield code="a">noselfmerge</subfield>
	</datafield>
	<datafield ind1=" " ind2=" " tag="957">
		<subfield code="a">gevbge</subfield>
	</datafield>
	<datafield ind1=" " ind2=" " tag="962">
		<subfield code="a">nebpun</subfield>
	</datafield>
	<datafield ind1=" " ind2=" " tag="994">
		<subfield code="a">NP 6YT 100</subfield>
		<subfield code="x">ne/snat/x Bd. 1(1955)-&gt;</subfield>
	</datafield>
</record>