

<record>
	<leader>01334nas a2200289 a 4500</leader>
	<controlfield tag="001">REROILS:2000004</controlfield>
	<controlfield tag="003">RERO</controlfield>
	<controlfield tag="005">20200713084800.0</controlfield>
	<controlfield tag="008">030606d18642001xxk|||p|| ||||0 || 0eng d</controlfield>
	<datafield ind1=" " ind2=" " tag="019">
		<subfield code="a">Réf. bibliogr. : Catalogue collectif suisse des publications en série ; Britischer Verbundkatalog (COPAC) ; PCI ; ZDB ;</subfield>
		<subfield code="9">gevbpu/06.2003</subfield>
	</datafield>
	<datafield ind1=" " ind2=" " tag="022">
		<subfield code="a">0027-0172</subfield>
	</datafield>
	<datafield ind1=" " ind2=" " tag="035">
		<subfield code="a">R003367881</subfield>
	</datafield>
	<datafield ind1=" " ind2="9" tag="039">
		<subfield code="a">202007130848</subfield>
		<subfield code="b">VLOAD</subfield>
		<subfield code="c">201705181358</subfield>
		<subfield code="d">VLOAD</subfield>
		<subfield code="c">201308151139</subfield>
		<subfield code="d">7660</subfield>
		<subfield code="c">201210191729</subfield>
		<subfield code="d">VLOAD</subfield>
		<subfield code="y">200306061045</subfield>
		<subfield code="z">6049</subfield>
	</datafield>
	<datafield ind1=" " ind2=" " tag="040">
		<subfield code="a">RERO gevbpu</subfield>
	</datafield>
	<datafield ind1=" " ind2="7" tag="072">
		<subfield code="a">s1th</subfield>
		<subfield code="2">rero</subfield>
	</datafield>
	<datafield ind1="0" ind2="4" tag="245">
		<subfield code="a">The month :</subfield>
		<subfield code="b">an illustrated magazine of literature, science and art</subfield>
	</datafield>
	<datafield ind1=" " ind2="1" tag="264">
		<subfield code="a">London :</subfield>
		<subfield code="b">Simpkin, Marshall and Co.</subfield>
	</datafield>
	<datafield ind1=" " ind2=" " tag="310">
		<subfield code="a">Mensuel</subfield>
	</datafield>
	<datafield ind1=" " ind2=" " tag="336">
		<subfield code="b">txt</subfield>
		<subfield code="2">rdacontent</subfield>
	</datafield>
	<datafield ind1=" " ind2=" " tag="337">
		<subfield code="b">n</subfield>
		<subfield code="2">rdamedia</subfield>
	</datafield>
	<datafield ind1=" " ind2=" " tag="338">
		<subfield code="b">nc</subfield>
		<subfield code="2">rdacarrier</subfield>
	</datafield>
	<datafield ind1=" " ind2=" " tag="339">
		<subfield code="a">docmaintype_serial</subfield>
	</datafield>
	<datafield ind1="0" ind2=" " tag="362">
		<subfield code="a">Vol. 1(1864)-186 (1948)=no 1-976=a.1-85 ; n.s., vol. 187 (1949)-228(1969)=t. 1-42 ; n.s., vol. 229 (1970)-262 (2001)=t. 1-34</subfield>
	</datafield>
	<datafield ind1=" " ind2=" " tag="500">
		<subfield code="a">Variantes du sous-titre : a review of Christian thought and world affairs ; a Catholic review conducted by the Jesuit fathers ; a catholic magazine and review ; a catholic magazine ; a magazine and review</subfield>
	</datafield>
	<datafield ind1=" " ind2=" " tag="900">
		<subfield code="a">noselfmerge</subfield>
	</datafield>
	<datafield ind1=" " ind2=" " tag="956">
		<subfield code="a">frbcuc</subfield>
	</datafield>
</record>