

<record>
	<leader>00658nas a22002177a 4500</leader>
	<controlfield tag="001">REROILS:2000045</controlfield>
	<controlfield tag="003">RERO</controlfield>
	<controlfield tag="005">20200416181100.0</controlfield>
	<controlfield tag="008">200416c        it |||m|| ||||0 || |ita d</controlfield>
	<datafield ind1=" " ind2=" " tag="035">
		<subfield code="a">R009034967</subfield>
	</datafield>
	<datafield ind1=" " ind2="9" tag="039">
		<subfield code="a">202004161811</subfield>
		<subfield code="b">6025</subfield>
		<subfield code="c">202004161749</subfield>
		<subfield code="d">6025</subfield>
		<subfield code="c">202004161749</subfield>
		<subfield code="d">6025</subfield>
		<subfield code="c">202004161748</subfield>
		<subfield code="d">6025</subfield>
		<subfield code="y">202004161745</subfield>
		<subfield code="z">6025</subfield>
	</datafield>
	<datafield ind1=" " ind2=" " tag="040">
		<subfield code="a">RERO gevbge</subfield>
	</datafield>
	<datafield ind1=" " ind2="7" tag="072">
		<subfield code="a">s1ht</subfield>
		<subfield code="2">rero</subfield>
	</datafield>
	<datafield ind1="0" ind2="0" tag="245">
		<subfield code="a">Biblioteca Scientifica, Istituto per la Storia del Risorgimento Italiano.</subfield>
		<subfield code="p">Serie 2: Fonti</subfield>
	</datafield>
	<datafield ind1=" " ind2="1" tag="264">
		<subfield code="a">Roma :</subfield>
		<subfield code="b">Vittoriano</subfield>
	</datafield>
	<datafield ind1=" " ind2=" " tag="336">
		<subfield code="b">txt</subfield>
		<subfield code="2">rdacontent</subfield>
	</datafield>
	<datafield ind1=" " ind2=" " tag="337">
		<subfield code="b">n</subfield>
		<subfield code="2">rdamedia</subfield>
	</datafield>
	<datafield ind1=" " ind2=" " tag="338">
		<subfield code="b">nc</subfield>
		<subfield code="2">rdacarrier</subfield>
	</datafield>
	<datafield ind1=" " ind2=" " tag="339">
		<subfield code="a">docmaintype_series</subfield>
	</datafield>
	<datafield ind1=" " ind2=" " tag="900">
		<subfield code="a">noselfmerge</subfield>
	</datafield>
	<datafield ind1=" " ind2=" " tag="900">
		<subfield code="a">reroslsp</subfield>
	</datafield>
</record>