

<record>
	<leader>00671nas a22002297a 4500</leader>
	<controlfield tag="001">REROILS:2000078</controlfield>
	<controlfield tag="003">RERO</controlfield>
	<controlfield tag="005">20170517160500.0</controlfield>
	<controlfield tag="008">940124u        xx |||m|| ||||0 || 0und d</controlfield>
	<datafield ind1=" " ind2=" " tag="035">
		<subfield code="a">1801000</subfield>
	</datafield>
	<datafield ind1=" " ind2="9" tag="039">
		<subfield code="a">201705171605</subfield>
		<subfield code="b">VLOAD</subfield>
		<subfield code="c">200605290345</subfield>
		<subfield code="d">VLOAD</subfield>
		<subfield code="c">200410131126</subfield>
		<subfield code="d">VLOAD</subfield>
		<subfield code="c">200111191739</subfield>
		<subfield code="d">0024</subfield>
		<subfield code="y">1999030104100000</subfield>
		<subfield code="z">load</subfield>
	</datafield>
	<datafield ind1=" " ind2=" " tag="040">
		<subfield code="a">RERO vsbcvs</subfield>
	</datafield>
	<datafield ind1="0" ind2=" " tag="130">
		<subfield code="a">Documenti.</subfield>
		<subfield code="p">Allemandi</subfield>
	</datafield>
	<datafield ind1="1" ind2="0" tag="245">
		<subfield code="a">Documenti</subfield>
	</datafield>
	<datafield ind1=" " ind2="1" tag="264">
		<subfield code="a">Torino :</subfield>
		<subfield code="b">Allemandi</subfield>
	</datafield>
	<datafield ind1=" " ind2=" " tag="336">
		<subfield code="b">txt</subfield>
		<subfield code="2">rdacontent</subfield>
	</datafield>
	<datafield ind1=" " ind2=" " tag="337">
		<subfield code="b">n</subfield>
		<subfield code="2">rdamedia</subfield>
	</datafield>
	<datafield ind1=" " ind2=" " tag="338">
		<subfield code="b">nc</subfield>
		<subfield code="2">rdacarrier</subfield>
	</datafield>
	<datafield ind1=" " ind2=" " tag="339">
		<subfield code="a">docmaintype_series</subfield>
	</datafield>
	<datafield ind1=" " ind2=" " tag="900">
		<subfield code="a">noselfmerge</subfield>
	</datafield>
	<datafield ind1=" " ind2=" " tag="957">
		<subfield code="a">gevbaa</subfield>
	</datafield>
</record>