

<record>
	<leader>01635nam a2200409 aa4500</leader>
	<controlfield tag="001">REROILS:2000063</controlfield>
	<controlfield tag="003">RERO</controlfield>
	<controlfield tag="005">20200710092600.0</controlfield>
	<controlfield tag="008">910624m19899999it |||||| ||||00|| |ita d</controlfield>
	<datafield ind1=" " ind2=" " tag="019">
		<subfield code="a">Niveau supérieur !</subfield>
		<subfield code="9">rero/10.2004</subfield>
	</datafield>
	<datafield ind1=" " ind2=" " tag="020">
		<subfield code="a">9788871250083</subfield>
	</datafield>
	<datafield ind1=" " ind2=" " tag="035">
		<subfield code="a">1394321</subfield>
	</datafield>
	<datafield ind1=" " ind2="9" tag="039">
		<subfield code="a">202007100926</subfield>
		<subfield code="b">VLOAD</subfield>
		<subfield code="c">201808260941</subfield>
		<subfield code="d">VLOAD</subfield>
		<subfield code="c">201706101819</subfield>
		<subfield code="d">VLOAD</subfield>
		<subfield code="c">201311151438</subfield>
		<subfield code="d">7910</subfield>
		<subfield code="y">1999022818340000</subfield>
		<subfield code="z">load</subfield>
	</datafield>
	<datafield ind1=" " ind2=" " tag="040">
		<subfield code="a">RERO labcud</subfield>
	</datafield>
	<datafield ind1=" " ind2="7" tag="072">
		<subfield code="a">s1hs</subfield>
		<subfield code="2">rero</subfield>
	</datafield>
	<datafield ind1="0" ind2="0" tag="245">
		<subfield code="a">Inventario dell'Archivio del Banco di San Giorgio (1407-1805) /</subfield>
		<subfield code="c">Archivio di Stato di Genova ; sotto la dir. di Giuseppe Felloni</subfield>
	</datafield>
	<datafield ind1=" " ind2="1" tag="264">
		<subfield code="a">Roma :</subfield>
		<subfield code="b">Ministero per i beni culturali e ambientali,</subfield>
		<subfield code="c">1989-&gt;</subfield>
	</datafield>
	<datafield ind1=" " ind2=" " tag="300">
		<subfield code="c">24 cm</subfield>
	</datafield>
	<datafield ind1=" " ind2=" " tag="336">
		<subfield code="b">txt</subfield>
		<subfield code="2">rdacontent</subfield>
	</datafield>
	<datafield ind1=" " ind2=" " tag="337">
		<subfield code="b">n</subfield>
		<subfield code="2">rdamedia</subfield>
	</datafield>
	<datafield ind1=" " ind2=" " tag="338">
		<subfield code="b">nc</subfield>
		<subfield code="2">rdacarrier</subfield>
	</datafield>
	<datafield ind1=" " ind2=" " tag="339">
		<subfield code="a">docmaintype_book</subfield>
		<subfield code="b">docsubtype_other_book</subfield>
	</datafield>
	<datafield ind1="1" ind2=" " tag="490">
		<subfield code="a">Pubblicazioni degli Archivi di Stato</subfield>
	</datafield>
	<datafield ind1="2" ind2="7" tag="610">
		<subfield code="a">Archivio di Stato di Genova (Gênes)</subfield>
		<subfield code="2">rero</subfield>
	</datafield>
	<datafield ind1="2" ind2="7" tag="610">
		<subfield code="a">Banco di San Giorgio (Gênes)</subfield>
		<subfield code="2">rero</subfield>
		<subfield code="0">(IdRef)031023169</subfield>
	</datafield>
	<datafield ind1=" " ind2="7" tag="650">
		<subfield code="a">Archives</subfield>
		<subfield code="2">rero</subfield>
	</datafield>
	<datafield ind1=" " ind2="7" tag="650">
		<subfield code="a">1407-1805</subfield>
		<subfield code="2">rero</subfield>
	</datafield>
	<datafield ind1=" " ind2="7" tag="655">
		<subfield code="a">[Inventaires]</subfield>
		<subfield code="2">rero</subfield>
	</datafield>
	<datafield ind1="1" ind2=" " tag="700">
		<subfield code="a">Felloni, Giuseppe</subfield>
		<subfield code="0">(IdRef)030363624</subfield>
	</datafield>
	<datafield ind1="2" ind2=" " tag="710">
		<subfield code="a">Archivio di Stato (Genova)</subfield>
		<subfield code="0">(IdRef)055053149</subfield>
	</datafield>
	<datafield ind1=" " ind2="0" tag="830">
		<subfield code="a">Pubblicazioni degli Archivi di Stato.</subfield>
		<subfield code="p">Ministero per i beni culturali e ambientali Ufficio centrale per i beni archivistici</subfield>
		<subfield code="w">REROILS:2000107</subfield>
	</datafield>
	<datafield ind1=" " ind2=" " tag="900">
		<subfield code="a">noselfmerge</subfield>
	</datafield>
	<datafield ind1=" " ind2=" " tag="919">
		<subfield code="9">650 _7</subfield>
		<subfield code="a">archives</subfield>
		<subfield code="x">Archivio di Stato di Genova (Gênes)</subfield>
		<subfield code="x">Banco di San Giorgio (Gênes)</subfield>
		<subfield code="y">1407 / 1805</subfield>
		<subfield code="v">[inventaire]</subfield>
		<subfield code="2">chrero</subfield>
	</datafield>
	<datafield ind1=" " ind2=" " tag="956">
		<subfield code="a">frbcuc</subfield>
	</datafield>
	<datafield ind1=" " ind2=" " tag="957">
		<subfield code="a">gecaeg</subfield>
	</datafield>
</record>