

<record>
	<leader>00785nas a2200265 a 4500</leader>
	<controlfield tag="001">REROILS:2000023</controlfield>
	<controlfield tag="003">RERO</controlfield>
	<controlfield tag="005">20190705114700.0</controlfield>
	<controlfield tag="008">960525u19549999gw |||m|| ||||0 || 0ger d</controlfield>
	<datafield ind1=" " ind2=" " tag="022">
		<subfield code="a">0554-7342</subfield>
	</datafield>
	<datafield ind1=" " ind2=" " tag="035">
		<subfield code="a">0000155</subfield>
	</datafield>
	<datafield ind1=" " ind2="9" tag="039">
		<subfield code="a">201907051147</subfield>
		<subfield code="b">VLOAD</subfield>
		<subfield code="c">201705151412</subfield>
		<subfield code="d">VLOAD</subfield>
		<subfield code="c">201408131017</subfield>
		<subfield code="d">7325</subfield>
		<subfield code="c">200709171158</subfield>
		<subfield code="d">VLOAD</subfield>
		<subfield code="y">1999022709480000</subfield>
		<subfield code="z">load</subfield>
	</datafield>
	<datafield ind1=" " ind2=" " tag="040">
		<subfield code="a">RERO</subfield>
	</datafield>
	<datafield ind1="0" ind2=" " tag="041">
		<subfield code="a">eng</subfield>
		<subfield code="a">ger</subfield>
	</datafield>
	<datafield ind1=" " ind2="7" tag="072">
		<subfield code="a">s1ha</subfield>
		<subfield code="2">rero</subfield>
	</datafield>
	<datafield ind1="0" ind2="0" tag="245">
		<subfield code="a">Porta linguarum orientalium.</subfield>
		<subfield code="p">Neue Serie</subfield>
	</datafield>
	<datafield ind1=" " ind2="1" tag="264">
		<subfield code="a">Wiesbaden :</subfield>
		<subfield code="b">O. Harrassowitz</subfield>
	</datafield>
	<datafield ind1=" " ind2=" " tag="336">
		<subfield code="b">txt</subfield>
		<subfield code="2">rdacontent</subfield>
	</datafield>
	<datafield ind1=" " ind2=" " tag="337">
		<subfield code="b">n</subfield>
		<subfield code="2">rdamedia</subfield>
	</datafield>
	<datafield ind1=" " ind2=" " tag="338">
		<subfield code="b">nc</subfield>
		<subfield code="2">rdacarrier</subfield>
	</datafield>
	<datafield ind1=" " ind2=" " tag="339">
		<subfield code="a">docmaintype_series</subfield>
	</datafield>
	<datafield ind1="0" ind2=" " tag="362">
		<subfield code="a">1(1954)-&gt;</subfield>
	</datafield>
	<datafield ind1=" " ind2=" " tag="900">
		<subfield code="a">noselfmerge</subfield>
	</datafield>
	<datafield ind1=" " ind2=" " tag="957">
		<subfield code="a">gevbge</subfield>
	</datafield>
</record>