

<record>
	<leader>02762nas a22007097a 4500</leader>
	<controlfield tag="001">REROILS:2000066</controlfield>
	<controlfield tag="003">RERO</controlfield>
	<controlfield tag="005">20201023161100.0</controlfield>
	<controlfield tag="008">001117         xx |||m|| ||||0 || 0und d</controlfield>
	<datafield ind1=" " ind2=" " tag="019">
		<subfield code="a">Pas suite BGE</subfield>
		<subfield code="9">gevbpu/04.2004</subfield>
	</datafield>
	<datafield ind1=" " ind2=" " tag="022">
		<subfield code="a">0244-6405</subfield>
	</datafield>
	<datafield ind1=" " ind2=" " tag="022">
		<subfield code="a">0756-3892 (Collection Terre humaine)</subfield>
	</datafield>
	<datafield ind1=" " ind2=" " tag="022">
		<subfield code="a">0993-7455 (Pocket BD)</subfield>
	</datafield>
	<datafield ind1=" " ind2=" " tag="022">
		<subfield code="a">1140-0765 (Lire et voir les classiques)</subfield>
	</datafield>
	<datafield ind1=" " ind2=" " tag="022">
		<subfield code="a">1150-305X (Micro-informatique)</subfield>
	</datafield>
	<datafield ind1=" " ind2=" " tag="022">
		<subfield code="a">1158-6621 (Explora)</subfield>
	</datafield>
	<datafield ind1=" " ind2=" " tag="022">
		<subfield code="a">0762-2260 (Les langues pour tous)</subfield>
	</datafield>
	<datafield ind1=" " ind2=" " tag="035">
		<subfield code="a">0628383</subfield>
	</datafield>
	<datafield ind1=" " ind2=" " tag="039">
		<subfield code="b">9400c</subfield>
		<subfield code="b">1009</subfield>
	</datafield>
	<datafield ind1=" " ind2="9" tag="039">
		<subfield code="a">202010231611</subfield>
		<subfield code="b">1000</subfield>
		<subfield code="c">201804231508</subfield>
		<subfield code="d">1341</subfield>
		<subfield code="c">201705161110</subfield>
		<subfield code="d">VLOAD</subfield>
		<subfield code="c">201604270843</subfield>
		<subfield code="d">4804</subfield>
		<subfield code="y">1999022800360000</subfield>
		<subfield code="z">load</subfield>
	</datafield>
	<datafield ind1=" " ind2=" " tag="040">
		<subfield code="a">RERO frbcuc</subfield>
	</datafield>
	<datafield ind1="0" ind2="0" tag="245">
		<subfield code="a">Presses pocket</subfield>
	</datafield>
	<datafield ind1="3" ind2=" " tag="246">
		<subfield code="a">Age d'être</subfield>
	</datafield>
	<datafield ind1="3" ind2=" " tag="246">
		<subfield code="a">Pocket business</subfield>
	</datafield>
	<datafield ind1="3" ind2=" " tag="246">
		<subfield code="a">Pocket.</subfield>
		<subfield code="p">Robert Laffont</subfield>
	</datafield>
	<datafield ind1="3" ind2=" " tag="246">
		<subfield code="a">Pocket classiques</subfield>
	</datafield>
	<datafield ind1="3" ind2=" " tag="246">
		<subfield code="a">Pocket.</subfield>
		<subfield code="p">Laffont</subfield>
	</datafield>
	<datafield ind1="3" ind2=" " tag="246">
		<subfield code="a">Pocket.</subfield>
		<subfield code="p">Presses de la Cité</subfield>
	</datafield>
	<datafield ind1="3" ind2=" " tag="246">
		<subfield code="a">Terre humaine-poche</subfield>
	</datafield>
	<datafield ind1="3" ind2=" " tag="246">
		<subfield code="a">Collection Terre humaine.</subfield>
		<subfield code="p">Presses pocket</subfield>
	</datafield>
	<datafield ind1="3" ind2=" " tag="246">
		<subfield code="a">Terre humaine.</subfield>
		<subfield code="p">Presses pocket</subfield>
	</datafield>
	<datafield ind1="3" ind2=" " tag="246">
		<subfield code="a">Pocket BD</subfield>
	</datafield>
	<datafield ind1="3" ind2=" " tag="246">
		<subfield code="a">Lire et voir les classiques</subfield>
	</datafield>
	<datafield ind1="3" ind2=" " tag="246">
		<subfield code="a">Micro-informatique.</subfield>
		<subfield code="p">Presses pocket</subfield>
	</datafield>
	<datafield ind1="3" ind2=" " tag="246">
		<subfield code="a">Explora</subfield>
	</datafield>
	<datafield ind1="3" ind2=" " tag="246">
		<subfield code="a">Langues pour tous.</subfield>
		<subfield code="p">Presses pocket</subfield>
	</datafield>
	<datafield ind1="3" ind2=" " tag="246">
		<subfield code="a">Pocket.</subfield>
		<subfield code="p">Presses Pocket</subfield>
	</datafield>
	<datafield ind1="3" ind2=" " tag="246">
		<subfield code="a">Science-fiction.</subfield>
		<subfield code="p">Presses Pocket</subfield>
	</datafield>
	<datafield ind1="3" ind2=" " tag="246">
		<subfield code="a">Fantasy.</subfield>
		<subfield code="p">Presses Pocket</subfield>
	</datafield>
	<datafield ind1="3" ind2=" " tag="246">
		<subfield code="a">Terreur.</subfield>
		<subfield code="p">Presses Pocket</subfield>
	</datafield>
	<datafield ind1="3" ind2=" " tag="246">
		<subfield code="a">Pocket.</subfield>
		<subfield code="p">Pocket</subfield>
	</datafield>
	<datafield ind1="3" ind2=" " tag="246">
		<subfield code="a">Littérature générale.</subfield>
		<subfield code="p">Pocket</subfield>
	</datafield>
	<datafield ind1="3" ind2=" " tag="246">
		<subfield code="a">Pocket.</subfield>
		<subfield code="p">Nathan</subfield>
	</datafield>
	<datafield ind1="3" ind2=" " tag="246">
		<subfield code="a">Nouvelles voix.</subfield>
		<subfield code="p">Pocket</subfield>
	</datafield>
	<datafield ind1="3" ind2=" " tag="246">
		<subfield code="a">Pocket évolution</subfield>
	</datafield>
	<datafield ind1="3" ind2=" " tag="246">
		<subfield code="a">Citations.</subfield>
		<subfield code="p">Pocket</subfield>
	</datafield>
	<datafield ind1="3" ind2=" " tag="246">
		<subfield code="a">Citations.</subfield>
		<subfield code="p">Presses Pocket</subfield>
	</datafield>
	<datafield ind1="3" ind2=" " tag="246">
		<subfield code="a">Roman.</subfield>
		<subfield code="p">Presses Pocket</subfield>
	</datafield>
	<datafield ind1="3" ind2=" " tag="246">
		<subfield code="a">Pocket</subfield>
	</datafield>
	<datafield ind1="3" ind2=" " tag="246">
		<subfield code="a">Livre d'or de la science-fiction.</subfield>
		<subfield code="p">Presses Pocket</subfield>
	</datafield>
	<datafield ind1="3" ind2=" " tag="246">
		<subfield code="a">Pocket. Thriller</subfield>
	</datafield>
	<datafield ind1="3" ind2=" " tag="246">
		<subfield code="a">Pocket.</subfield>
		<subfield code="p">Presses Pocket.</subfield>
		<subfield code="a">Thriller</subfield>
	</datafield>
	<datafield ind1=" " ind2="1" tag="264">
		<subfield code="a">Paris :</subfield>
		<subfield code="b">Presses Pocket</subfield>
	</datafield>
	<datafield ind1=" " ind2=" " tag="300">
		<subfield code="c">18 cm</subfield>
	</datafield>
	<datafield ind1=" " ind2=" " tag="336">
		<subfield code="b">txt</subfield>
		<subfield code="2">rdacontent</subfield>
	</datafield>
	<datafield ind1=" " ind2=" " tag="337">
		<subfield code="b">n</subfield>
		<subfield code="2">rdamedia</subfield>
	</datafield>
	<datafield ind1=" " ind2=" " tag="338">
		<subfield code="b">nc</subfield>
		<subfield code="2">rdacarrier</subfield>
	</datafield>
	<datafield ind1=" " ind2=" " tag="339">
		<subfield code="a">docmaintype_series</subfield>
	</datafield>
	<datafield ind1=" " ind2=" " tag="500">
		<subfield code="a">Les sous-collections (L'Age d'être, Fantasy, Science-fiction, Pocket business, Terreur, Nouvelles voix, Langues pour tous, etc.) ne sont pas cataloguées séparément. Par contre, des notices ont été créées pour Pocket jeunesse et Agora, numérotées séparément. Est publié également par Presses de la Cité et Nathan</subfield>
	</datafield>
	<datafield ind1=" " ind2=" " tag="500">
		<subfield code="a">Dès 1993, le titre devient: Pocket</subfield>
	</datafield>
	<datafield ind1=" " ind2=" " tag="500">
		<subfield code="a">Les sous-collections (L'Age d'être, Fantasy, Science-fiction, Pocket business, Terreur etc.) ne sont pas cataloguées séparément. Par contre, une notice a été créée pour la coll. Pocket junior et Agora</subfield>
	</datafield>
	<datafield ind1=" " ind2=" " tag="900">
		<subfield code="a">swissbibnomerge</subfield>
	</datafield>
</record>