

<record>
	<leader>01782nas a22004577a 4500</leader>
	<controlfield tag="001">REROILS:2000007</controlfield>
	<controlfield tag="003">RERO</controlfield>
	<controlfield tag="005">20200710192700.0</controlfield>
	<controlfield tag="008">000717         xx |||m|| ||||0 || 0und d</controlfield>
	<datafield ind1=" " ind2=" " tag="035">
		<subfield code="a">0337270</subfield>
	</datafield>
	<datafield ind1=" " ind2="9" tag="039">
		<subfield code="a">202007101927</subfield>
		<subfield code="b">VLOAD</subfield>
		<subfield code="c">202001170127</subfield>
		<subfield code="d">VLOAD</subfield>
		<subfield code="c">201806051758</subfield>
		<subfield code="d">0210</subfield>
		<subfield code="c">201804191522</subfield>
		<subfield code="d">VLOAD</subfield>
		<subfield code="y">1999022718020000</subfield>
		<subfield code="z">load</subfield>
	</datafield>
	<datafield ind1=" " ind2=" " tag="040">
		<subfield code="a">RERO</subfield>
	</datafield>
	<datafield ind1="0" ind2="0" tag="245">
		<subfield code="a">Beck'sche Reihe</subfield>
	</datafield>
	<datafield ind1="3" ind2=" " tag="246">
		<subfield code="a">Becksche Reihe</subfield>
	</datafield>
	<datafield ind1="3" ind2=" " tag="246">
		<subfield code="a">Aktuelle Länderkunden</subfield>
	</datafield>
	<datafield ind1="3" ind2=" " tag="246">
		<subfield code="a">Beck'sche Reihe.</subfield>
		<subfield code="p">Autorenbücher</subfield>
	</datafield>
	<datafield ind1="3" ind2=" " tag="246">
		<subfield code="a">Grosse Denker</subfield>
	</datafield>
	<datafield ind1="3" ind2=" " tag="246">
		<subfield code="a">Einführungen in die Landeskunde</subfield>
	</datafield>
	<datafield ind1="3" ind2=" " tag="246">
		<subfield code="a">Wissen.</subfield>
		<subfield code="p">Beck</subfield>
	</datafield>
	<datafield ind1="3" ind2=" " tag="246">
		<subfield code="a">C.H. Beck Wissen</subfield>
	</datafield>
	<datafield ind1="3" ind2=" " tag="246">
		<subfield code="a">Beck'sche schwarze Reihe</subfield>
	</datafield>
	<datafield ind1="3" ind2=" " tag="246">
		<subfield code="a">Zwerkleins Buch</subfield>
	</datafield>
	<datafield ind1="3" ind2=" " tag="246">
		<subfield code="a">Denker</subfield>
	</datafield>
	<datafield ind1="3" ind2=" " tag="246">
		<subfield code="a">Beck'sche Reihe.</subfield>
		<subfield code="p">Paperback</subfield>
	</datafield>
	<datafield ind1="3" ind2=" " tag="246">
		<subfield code="a">C.H. Beck Paperback</subfield>
	</datafield>
	<datafield ind1=" " ind2="1" tag="264">
		<subfield code="a">München :</subfield>
		<subfield code="b">C.H. Beck</subfield>
	</datafield>
	<datafield ind1=" " ind2=" " tag="300">
		<subfield code="c">18 cm</subfield>
	</datafield>
	<datafield ind1=" " ind2=" " tag="336">
		<subfield code="b">txt</subfield>
		<subfield code="2">rdacontent</subfield>
	</datafield>
	<datafield ind1=" " ind2=" " tag="337">
		<subfield code="b">n</subfield>
		<subfield code="2">rdamedia</subfield>
	</datafield>
	<datafield ind1=" " ind2=" " tag="338">
		<subfield code="b">nc</subfield>
		<subfield code="2">rdacarrier</subfield>
	</datafield>
	<datafield ind1=" " ind2=" " tag="339">
		<subfield code="a">docmaintype_series</subfield>
	</datafield>
	<datafield ind1=" " ind2=" " tag="500">
		<subfield code="a">S'intitule jusqu'en 1986: Beck'sche schwarze Reihe</subfield>
	</datafield>
	<datafield ind1=" " ind2=" " tag="500">
		<subfield code="a">Dans cette collection, les séries (sous-collections) ne sont pas cataloguées séparément. Il s'agit notamment de: &quot;(Grosse) Denker&quot; (numéros 501 et suivants), &quot;Autorenbücher&quot; (numéros 601 et suivants), &quot;Aktuelle Länderkunden&quot; (numéros 801 et suivants), &quot;Wissen&quot; (numéros 2000 et suivants), Zwerkleins Buch (numéros 1616 et svts?) ...</subfield>
	</datafield>
	<datafield ind1=" " ind2=" " tag="500">
		<subfield code="a">La série &quot;Aktuelle Länderkunden&quot; portait initialement le titre: Einführungen in die Landeskunde</subfield>
	</datafield>
	<datafield ind1=" " ind2=" " tag="580">
		<subfield code="a">La série &quot;Autorenbücher&quot; paraît de manière autonome jusqu'en 1986 sous le titre: Autorenbücher</subfield>
	</datafield>
	<datafield ind1="1" ind2="0" tag="780">
		<subfield code="t">Autorenbücher</subfield>
		<subfield code="w">REROILS:2000109</subfield>
	</datafield>
	<datafield ind1=" " ind2=" " tag="900">
		<subfield code="a">swissbibnomerge</subfield>
	</datafield>
	<datafield ind1=" " ind2=" " tag="953">
		<subfield code="a">iftfla</subfield>
	</datafield>
	<datafield ind1=" " ind2=" " tag="956">
		<subfield code="a">frbcuc</subfield>
	</datafield>
	<datafield ind1=" " ind2=" " tag="973">
		<subfield code="a">vsbcvs</subfield>
	</datafield>
	<datafield ind1=" " ind2=" " tag="983">
		<subfield code="2">iftfla</subfield>
		<subfield code="a">TFLa</subfield>
	</datafield>
</record>