

<record>
	<leader>01320nas a2200409 a 4500</leader>
	<controlfield tag="001">REROILS:2000099</controlfield>
	<controlfield tag="003">RERO</controlfield>
	<controlfield tag="005">20181116185600.0</controlfield>
	<controlfield tag="008">960525d19541977sz |||p|| ||||0 || 0eng d</controlfield>
	<datafield ind1=" " ind2=" " tag="022">
		<subfield code="a">0024-760X</subfield>
	</datafield>
	<datafield ind1=" " ind2=" " tag="035">
		<subfield code="a">0062812</subfield>
	</datafield>
	<datafield ind1=" " ind2="9" tag="039">
		<subfield code="a">201811161856</subfield>
		<subfield code="b">VLOAD</subfield>
		<subfield code="c">201806301512</subfield>
		<subfield code="d">VLOAD</subfield>
		<subfield code="c">201706101225</subfield>
		<subfield code="d">VLOAD</subfield>
		<subfield code="c">201210191858</subfield>
		<subfield code="d">VLOAD</subfield>
		<subfield code="y">1999022711280000</subfield>
		<subfield code="z">load</subfield>
	</datafield>
	<datafield ind1=" " ind2=" " tag="040">
		<subfield code="a">RERO</subfield>
	</datafield>
	<datafield ind1=" " ind2=" " tag="044">
		<subfield code="a">sz</subfield>
		<subfield code="c">ch-ge</subfield>
	</datafield>
	<datafield ind1=" " ind2="7" tag="072">
		<subfield code="a">s1th</subfield>
		<subfield code="2">rero</subfield>
	</datafield>
	<datafield ind1="0" ind2="0" tag="245">
		<subfield code="a">Lutheran world /</subfield>
		<subfield code="c">publ. of the Lutheran World Federation</subfield>
	</datafield>
	<datafield ind1=" " ind2="1" tag="264">
		<subfield code="a">Geneva :</subfield>
		<subfield code="b">LWF,</subfield>
		<subfield code="c">1954-1977</subfield>
	</datafield>
	<datafield ind1=" " ind2=" " tag="300">
		<subfield code="c">25 cm</subfield>
	</datafield>
	<datafield ind1=" " ind2=" " tag="310">
		<subfield code="a">Trimestriel</subfield>
	</datafield>
	<datafield ind1=" " ind2=" " tag="336">
		<subfield code="b">txt</subfield>
		<subfield code="2">rdacontent</subfield>
	</datafield>
	<datafield ind1=" " ind2=" " tag="337">
		<subfield code="b">n</subfield>
		<subfield code="2">rdamedia</subfield>
	</datafield>
	<datafield ind1=" " ind2=" " tag="338">
		<subfield code="b">nc</subfield>
		<subfield code="2">rdacarrier</subfield>
	</datafield>
	<datafield ind1=" " ind2=" " tag="339">
		<subfield code="a">docmaintype_serial</subfield>
	</datafield>
	<datafield ind1=" " ind2=" " tag="580">
		<subfield code="a">Scindé en: LWF report. Et en: LWF documentation</subfield>
	</datafield>
	<datafield ind1=" " ind2=" " tag="580">
		<subfield code="a">Edition allemande : Lutherische Rundschau</subfield>
	</datafield>
	<datafield ind1=" " ind2=" " tag="580">
		<subfield code="a">Absorbe en 1962 : Literature Survey</subfield>
	</datafield>
	<datafield ind1=" " ind2="7" tag="650">
		<subfield code="a">luthéranisme</subfield>
		<subfield code="2">rerovoc</subfield>
	</datafield>
	<datafield ind1=" " ind2="7" tag="655">
		<subfield code="a">[Périodiques]</subfield>
		<subfield code="2">rero</subfield>
	</datafield>
	<datafield ind1="2" ind2=" " tag="710">
		<subfield code="a">Fédération luthérienne mondiale</subfield>
	</datafield>
	<datafield ind1="1" ind2=" " tag="775">
		<subfield code="t">Lutherische Rundschau : Zeitschrift des Lutherischen Weltbundes</subfield>
		<subfield code="w">REROILS:2000034</subfield>
	</datafield>
	<datafield ind1="1" ind2="0" tag="780">
		<subfield code="t">Literature Survey</subfield>
	</datafield>
	<datafield ind1="1" ind2="0" tag="785">
		<subfield code="t">LWF report</subfield>
		<subfield code="w">REROILS:2000110</subfield>
	</datafield>
	<datafield ind1="1" ind2="0" tag="785">
		<subfield code="t">LWF documentation</subfield>
		<subfield code="w">REROILS:2000111</subfield>
	</datafield>
	<datafield ind1=" " ind2=" " tag="900">
		<subfield code="a">noselfmerge</subfield>
	</datafield>
	<datafield ind1=" " ind2=" " tag="919">
		<subfield code="9">650 _7</subfield>
		<subfield code="a">luthéranisme</subfield>
		<subfield code="v">[périodique]</subfield>
		<subfield code="2">chrero</subfield>
	</datafield>
	<datafield ind1=" " ind2=" " tag="957">
		<subfield code="a">gevbge gewcc-</subfield>
	</datafield>
	<datafield ind1=" " ind2=" " tag="992">
		<subfield code="a">BGE RA 2178</subfield>
		<subfield code="x">ge/vbge/a/63/78</subfield>
	</datafield>
</record>