

<record>
	<leader>01855nas a2200373 a 4500</leader>
	<controlfield tag="001">REROILS:2000086</controlfield>
	<controlfield tag="003">RERO</controlfield>
	<controlfield tag="005">20180630144500.0</controlfield>
	<controlfield tag="008">960525d19601972sz |||p|| ||||0 || 0fre d</controlfield>
	<datafield ind1=" " ind2=" " tag="035">
		<subfield code="a">0245905</subfield>
	</datafield>
	<datafield ind1=" " ind2="9" tag="039">
		<subfield code="a">201806301445</subfield>
		<subfield code="b">VLOAD</subfield>
		<subfield code="c">201705151446</subfield>
		<subfield code="d">VLOAD</subfield>
		<subfield code="c">201703281600</subfield>
		<subfield code="d">VLOAD</subfield>
		<subfield code="c">201703281121</subfield>
		<subfield code="d">VLOAD</subfield>
		<subfield code="y">1999022715580000</subfield>
		<subfield code="z">load</subfield>
	</datafield>
	<datafield ind1=" " ind2=" " tag="040">
		<subfield code="a">RERO</subfield>
	</datafield>
	<datafield ind1=" " ind2=" " tag="044">
		<subfield code="a">sz</subfield>
		<subfield code="c">ch-vd</subfield>
	</datafield>
	<datafield ind1=" " ind2="7" tag="072">
		<subfield code="a">s1st</subfield>
		<subfield code="2">rero</subfield>
	</datafield>
	<datafield ind1="0" ind2="0" tag="245">
		<subfield code="a">Eau, air, santé :</subfield>
		<subfield code="b">organe mensuel romand d'informations sur l'environnement et la nature /</subfield>
		<subfield code="c">Association protection Rhône-Léman, Chasseurs sans fusil, Action Suisse saine</subfield>
	</datafield>
	<datafield ind1=" " ind2="1" tag="264">
		<subfield code="a">Lausanne :</subfield>
		<subfield code="b">Le Pêcheur et la Chasseur suisses</subfield>
	</datafield>
	<datafield ind1=" " ind2=" " tag="336">
		<subfield code="b">txt</subfield>
		<subfield code="2">rdacontent</subfield>
	</datafield>
	<datafield ind1=" " ind2=" " tag="337">
		<subfield code="b">n</subfield>
		<subfield code="2">rdamedia</subfield>
	</datafield>
	<datafield ind1=" " ind2=" " tag="338">
		<subfield code="b">nc</subfield>
		<subfield code="2">rdacarrier</subfield>
	</datafield>
	<datafield ind1=" " ind2=" " tag="339">
		<subfield code="a">docmaintype_serial</subfield>
	</datafield>
	<datafield ind1="0" ind2=" " tag="362">
		<subfield code="a">Année 8(1960) N° 4-Année 20(1972)</subfield>
	</datafield>
	<datafield ind1=" " ind2=" " tag="500">
		<subfield code="a">Le sous-titre varie</subfield>
	</datafield>
	<datafield ind1=" " ind2=" " tag="580">
		<subfield code="a">Fait suite à: Eau et santé. Devient par fusion: Nature information. En 1964, une partie devient: Bulletin de l'Association romande pour la protection des eaux et de l'air</subfield>
	</datafield>
	<datafield ind1="2" ind2=" " tag="710">
		<subfield code="a">Association Protection Rhône-Léman</subfield>
	</datafield>
	<datafield ind1="2" ind2=" " tag="710">
		<subfield code="a">Chasseurs Sans Fusil</subfield>
	</datafield>
	<datafield ind1="2" ind2=" " tag="710">
		<subfield code="a">Action Suisse Saine</subfield>
	</datafield>
	<datafield ind1="1" ind2="0" tag="780">
		<subfield code="t">Eau et santé : organe mensuel de la Commission franco-suisse pour la protection des eaux du Rhône contre les pollutions et de l'Association romande pour la protection des eaux</subfield>
		<subfield code="w">REROILS:2000113</subfield>
	</datafield>
	<datafield ind1="1" ind2="0" tag="785">
		<subfield code="t">Nature Information : magazine mensuel groupant les revues Pêcheur et chasseur suisse, Bulletin romand de mycologie, Eau, air, santé</subfield>
		<subfield code="w">REROILS:2000112</subfield>
	</datafield>
	<datafield ind1="1" ind2="0" tag="785">
		<subfield code="t">Bulletin de l'Association romande pour la protection des eaux et de l'air</subfield>
		<subfield code="w">REROILS:2000014</subfield>
	</datafield>
	<datafield ind1=" " ind2=" " tag="900">
		<subfield code="a">noselfmerge</subfield>
	</datafield>
	<datafield ind1=" " ind2=" " tag="957">
		<subfield code="a">gevmhn</subfield>
	</datafield>
	<datafield ind1=" " ind2=" " tag="982">
		<subfield code="2">ge-vmhn</subfield>
		<subfield code="a">BG 1 Sui 58</subfield>
	</datafield>
	<datafield ind1=" " ind2=" " tag="992">
		<subfield code="a">MHN BG P 861</subfield>
		<subfield code="x">ge/vmhn/d</subfield>
	</datafield>
</record>