

<record>
	<leader>01139cas a2200337 a 4500</leader>
	<controlfield tag="001">REROILS:2000097</controlfield>
	<controlfield tag="003">RERO</controlfield>
	<controlfield tag="005">20170517082600.0</controlfield>
	<controlfield tag="008">880617d19781990gw |||m|| ||||0 || 0ger d</controlfield>
	<datafield ind1=" " ind2=" " tag="035">
		<subfield code="a">0988999</subfield>
	</datafield>
	<datafield ind1=" " ind2="9" tag="039">
		<subfield code="a">201705170826</subfield>
		<subfield code="b">VLOAD</subfield>
		<subfield code="c">201302221422</subfield>
		<subfield code="d">7650</subfield>
		<subfield code="c">201302221421</subfield>
		<subfield code="d">7650</subfield>
		<subfield code="c">201301161608</subfield>
		<subfield code="d">VLOAD</subfield>
		<subfield code="y">1999022809040000</subfield>
		<subfield code="z">load</subfield>
	</datafield>
	<datafield ind1=" " ind2=" " tag="040">
		<subfield code="a">RERO labcud</subfield>
	</datafield>
	<datafield ind1=" " ind2="7" tag="072">
		<subfield code="a">s1th</subfield>
		<subfield code="2">rero</subfield>
	</datafield>
	<datafield ind1="0" ind2="0" tag="245">
		<subfield code="a">LWB report /</subfield>
		<subfield code="c">hrsg. vom Lutherischen Weltbund</subfield>
	</datafield>
	<datafield ind1=" " ind2="1" tag="264">
		<subfield code="a">Stuttgart ;</subfield>
		<subfield code="a">Berlin :</subfield>
		<subfield code="b">Kreuz</subfield>
	</datafield>
	<datafield ind1=" " ind2=" " tag="300">
		<subfield code="c">24 cm</subfield>
	</datafield>
	<datafield ind1=" " ind2=" " tag="336">
		<subfield code="b">txt</subfield>
		<subfield code="2">rdacontent</subfield>
	</datafield>
	<datafield ind1=" " ind2=" " tag="337">
		<subfield code="b">n</subfield>
		<subfield code="2">rdamedia</subfield>
	</datafield>
	<datafield ind1=" " ind2=" " tag="338">
		<subfield code="b">nc</subfield>
		<subfield code="2">rdacarrier</subfield>
	</datafield>
	<datafield ind1=" " ind2=" " tag="339">
		<subfield code="a">docmaintype_series</subfield>
	</datafield>
	<datafield ind1="0" ind2=" " tag="362">
		<subfield code="a">1/2(1978)-28/29(1990)</subfield>
	</datafield>
	<datafield ind1=" " ind2=" " tag="580">
		<subfield code="a">Fait suite à: Lutherische Rundschau</subfield>
	</datafield>
	<datafield ind1=" " ind2=" " tag="580">
		<subfield code="a">Ed. anglaise : LWF report</subfield>
	</datafield>
	<datafield ind1=" " ind2=" " tag="580">
		<subfield code="a">Ed. française: Rapport FLM</subfield>
	</datafield>
	<datafield ind1="2" ind2=" " tag="710">
		<subfield code="a">Fédération luthérienne mondiale</subfield>
	</datafield>
	<datafield ind1="1" ind2=" " tag="775">
		<subfield code="t">LWF report</subfield>
		<subfield code="w">REROILS:2000110</subfield>
	</datafield>
	<datafield ind1="1" ind2=" " tag="775">
		<subfield code="t">Rapport FLM</subfield>
		<subfield code="w">REROILS:2000114</subfield>
	</datafield>
	<datafield ind1="1" ind2="0" tag="780">
		<subfield code="t">Lutherische Rundschau : Zeitschrift des Lutherischen Weltbundes</subfield>
		<subfield code="w">REROILS:2000034</subfield>
	</datafield>
	<datafield ind1=" " ind2=" " tag="900">
		<subfield code="a">noselfmerge</subfield>
	</datafield>
	<datafield ind1=" " ind2=" " tag="957">
		<subfield code="a">gewcc-</subfield>
	</datafield>
</record>