

<record>
	<leader>01218nas a2200313 a 4500</leader>
	<controlfield tag="001">REROILS:2000108</controlfield>
	<controlfield tag="003">RERO</controlfield>
	<controlfield tag="005">20200824143900.0</controlfield>
	<controlfield tag="008">860403d18451992xxu|||p|| ||||0 || 0eng d</controlfield>
	<datafield ind1=" " ind2=" " tag="035">
		<subfield code="a">0697602</subfield>
	</datafield>
	<datafield ind1=" " ind2="9" tag="039">
		<subfield code="a">202008241439</subfield>
		<subfield code="b">7174</subfield>
		<subfield code="c">201709271429</subfield>
		<subfield code="d">6049</subfield>
		<subfield code="c">201705161309</subfield>
		<subfield code="d">VLOAD</subfield>
		<subfield code="c">201411111244</subfield>
		<subfield code="d">6066</subfield>
		<subfield code="y">1999022802150000</subfield>
		<subfield code="z">load</subfield>
	</datafield>
	<datafield ind1=" " ind2=" " tag="040">
		<subfield code="a">RERO geudbu</subfield>
	</datafield>
	<datafield ind1=" " ind2="7" tag="072">
		<subfield code="a">s1as</subfield>
		<subfield code="2">rero</subfield>
	</datafield>
	<datafield ind1="0" ind2="0" tag="245">
		<subfield code="a">Publications of the United States Naval Observatory</subfield>
	</datafield>
	<datafield ind1=" " ind2="1" tag="264">
		<subfield code="a">Washington D. C. :</subfield>
		<subfield code="b">Government Printing Office</subfield>
	</datafield>
	<datafield ind1=" " ind2=" " tag="300">
		<subfield code="c">30 cm</subfield>
	</datafield>
	<datafield ind1=" " ind2=" " tag="336">
		<subfield code="b">txt</subfield>
		<subfield code="2">rdacontent</subfield>
	</datafield>
	<datafield ind1=" " ind2=" " tag="337">
		<subfield code="b">n</subfield>
		<subfield code="2">rdamedia</subfield>
	</datafield>
	<datafield ind1=" " ind2=" " tag="338">
		<subfield code="b">nc</subfield>
		<subfield code="2">rdacarrier</subfield>
	</datafield>
	<datafield ind1=" " ind2=" " tag="339">
		<subfield code="a">docmaintype_serial</subfield>
	</datafield>
	<datafield ind1="0" ind2=" " tag="362">
		<subfield code="a">Vol. 1(1894/99) - s. 2, vol. 26, part 2(1992)</subfield>
	</datafield>
	<datafield ind1=" " ind2=" " tag="580">
		<subfield code="a">Fait suite à: Astronomical, magnetic and meteorological observations made during the year... at the United States Naval Observatory</subfield>
	</datafield>
	<datafield ind1="2" ind2=" " tag="710">
		<subfield code="a">United States.</subfield>
		<subfield code="b">Naval Observatory</subfield>
		<subfield code="0">(IdRef)032910150</subfield>
	</datafield>
	<datafield ind1="1" ind2="0" tag="780">
		<subfield code="t">Astronomical, magnetic and meteorological observations made during the year... at the United States Naval Observatory</subfield>
		<subfield code="w">REROILS:2000064</subfield>
	</datafield>
	<datafield ind1=" " ind2=" " tag="900">
		<subfield code="a">swissbibnomerge</subfield>
	</datafield>
	<datafield ind1=" " ind2=" " tag="957">
		<subfield code="a">geudbu geusob</subfield>
	</datafield>
	<datafield ind1=" " ind2=" " tag="962">
		<subfield code="a">nebpun</subfield>
	</datafield>
	<datafield ind1=" " ind2=" " tag="982">
		<subfield code="2">ge-obs</subfield>
		<subfield code="a">73/116</subfield>
	</datafield>
	<datafield ind1=" " ind2=" " tag="994">
		<subfield code="a">NP PV 164</subfield>
		<subfield code="x">ne/snat/x S. 2, vol. 1(1894/99) - s. 2,vol. 26, part 2(1992)</subfield>
	</datafield>
</record>