

<record>
	<leader>00938nas a2200289 a 4500</leader>
	<controlfield tag="001">REROILS:2000101</controlfield>
	<controlfield tag="003">RERO</controlfield>
	<controlfield tag="005">20200712175500.0</controlfield>
	<controlfield tag="008">121106d19691983fr |||p|  ||||0 |  0fre d</controlfield>
	<datafield ind1=" " ind2=" " tag="022">
		<subfield code="a">0587-2278</subfield>
	</datafield>
	<datafield ind1=" " ind2=" " tag="035">
		<subfield code="a">R007177234</subfield>
	</datafield>
	<datafield ind1=" " ind2="9" tag="039">
		<subfield code="a">202007121755</subfield>
		<subfield code="b">VLOAD</subfield>
		<subfield code="c">201705311912</subfield>
		<subfield code="d">VLOAD</subfield>
		<subfield code="c">201504301007</subfield>
		<subfield code="d">1548</subfield>
		<subfield code="y">201211061440</subfield>
		<subfield code="z">0007</subfield>
	</datafield>
	<datafield ind1=" " ind2=" " tag="040">
		<subfield code="a">RERO frbcuc</subfield>
	</datafield>
	<datafield ind1=" " ind2="7" tag="072">
		<subfield code="a">s1th</subfield>
		<subfield code="2">rero</subfield>
	</datafield>
	<datafield ind1="0" ind2="0" tag="245">
		<subfield code="a">Axes :</subfield>
		<subfield code="b">recherches pour un dialogue entre christianisme et religions</subfield>
	</datafield>
	<datafield ind1=" " ind2="1" tag="264">
		<subfield code="a">Paris :</subfield>
		<subfield code="b">Cercle Saint Jean-Baptiste</subfield>
	</datafield>
	<datafield ind1=" " ind2=" " tag="336">
		<subfield code="b">txt</subfield>
		<subfield code="2">rdacontent</subfield>
	</datafield>
	<datafield ind1=" " ind2=" " tag="337">
		<subfield code="b">n</subfield>
		<subfield code="2">rdamedia</subfield>
	</datafield>
	<datafield ind1=" " ind2=" " tag="338">
		<subfield code="b">nc</subfield>
		<subfield code="2">rdacarrier</subfield>
	</datafield>
	<datafield ind1=" " ind2=" " tag="339">
		<subfield code="a">docmaintype_serial</subfield>
	</datafield>
	<datafield ind1="0" ind2=" " tag="362">
		<subfield code="a">T. 1(1969)-t. 15, n° 1(1983)</subfield>
	</datafield>
	<datafield ind1=" " ind2=" " tag="580">
		<subfield code="a">Fait suite à: Bulletin Saint Jean-Baptiste</subfield>
	</datafield>
	<datafield ind1="1" ind2="0" tag="780">
		<subfield code="t">Bulletin Saint Jean-Baptiste</subfield>
		<subfield code="w">REROILS:2000072</subfield>
	</datafield>
	<datafield ind1=" " ind2=" " tag="900">
		<subfield code="a">noselfmerge</subfield>
	</datafield>
	<datafield ind1=" " ind2=" " tag="956">
		<subfield code="a">frbcuc</subfield>
	</datafield>
	<datafield ind1=" " ind2=" " tag="973">
		<subfield code="a">vsbasm</subfield>
	</datafield>
</record>