

<record>
	<leader>01040nas a22002537a 4500</leader>
	<controlfield tag="001">REROILS:2000103</controlfield>
	<controlfield tag="003">RERO</controlfield>
	<controlfield tag="005">20200121123300.0</controlfield>
	<controlfield tag="008">000802u        xx |||m|| ||||0 || 0und d</controlfield>
	<datafield ind1=" " ind2=" " tag="035">
		<subfield code="a">0681553</subfield>
	</datafield>
	<datafield ind1=" " ind2=" " tag="039">
		<subfield code="b">8045c</subfield>
	</datafield>
	<datafield ind1=" " ind2="9" tag="039">
		<subfield code="a">202001211233</subfield>
		<subfield code="b">VLOAD</subfield>
		<subfield code="c">201705161243</subfield>
		<subfield code="d">VLOAD</subfield>
		<subfield code="c">201010090927</subfield>
		<subfield code="d">VLOAD</subfield>
		<subfield code="c">200709171733</subfield>
		<subfield code="d">VLOAD</subfield>
		<subfield code="y">1999022801530000</subfield>
		<subfield code="z">load</subfield>
	</datafield>
	<datafield ind1=" " ind2=" " tag="040">
		<subfield code="a">RERO labcur</subfield>
	</datafield>
	<datafield ind1="0" ind2="0" tag="245">
		<subfield code="a">Collection de mémoires, études et documents pour servir à l'histoire de la guerre mondiale</subfield>
	</datafield>
	<datafield ind1="3" ind2=" " tag="246">
		<subfield code="a">Collection de mémoires, études et documents pour servir à l'histoire de la guerre</subfield>
	</datafield>
	<datafield ind1="3" ind2=" " tag="246">
		<subfield code="a">Collection de mémoires pour servir à l'histoire de la guerre mondiale</subfield>
	</datafield>
	<datafield ind1=" " ind2="1" tag="264">
		<subfield code="a">Paris :</subfield>
		<subfield code="b">Payot</subfield>
	</datafield>
	<datafield ind1=" " ind2=" " tag="336">
		<subfield code="b">txt</subfield>
		<subfield code="2">rdacontent</subfield>
	</datafield>
	<datafield ind1=" " ind2=" " tag="337">
		<subfield code="b">n</subfield>
		<subfield code="2">rdamedia</subfield>
	</datafield>
	<datafield ind1=" " ind2=" " tag="338">
		<subfield code="b">nc</subfield>
		<subfield code="2">rdacarrier</subfield>
	</datafield>
	<datafield ind1=" " ind2=" " tag="339">
		<subfield code="a">docmaintype_series</subfield>
	</datafield>
	<datafield ind1=" " ind2=" " tag="500">
		<subfield code="a">On trouve aussi: Collection de mémoires, études et documents pour servir à l'histoire de la guerre; ou: Collection de mémoires pour servir à l'histoire de la guerre mondiale</subfield>
	</datafield>
	<datafield ind1=" " ind2=" " tag="900">
		<subfield code="a">noselfmerge</subfield>
	</datafield>
	<datafield ind1=" " ind2=" " tag="900">
		<subfield code="a">reroslsp</subfield>
	</datafield>
</record>