

<record>
	<leader>01548nas a2200421 a 4500</leader>
	<controlfield tag="001">REROILS:2000089</controlfield>
	<controlfield tag="003">RERO</controlfield>
	<controlfield tag="005">20201006121500.0</controlfield>
	<controlfield tag="008">010121c20009999gw |||p|  ||||0 |  0ger d</controlfield>
	<datafield ind1=" " ind2=" " tag="022">
		<subfield code="a">1616-4164</subfield>
	</datafield>
	<datafield ind1=" " ind2=" " tag="035">
		<subfield code="a">R279164560</subfield>
	</datafield>
	<datafield ind1=" " ind2=" " tag="039">
		<subfield code="b">8025</subfield>
		<subfield code="b">8023i</subfield>
		<subfield code="b">0024c</subfield>
	</datafield>
	<datafield ind1=" " ind2="9" tag="039">
		<subfield code="a">202010061215</subfield>
		<subfield code="b">VLOAD</subfield>
		<subfield code="c">201907051241</subfield>
		<subfield code="d">VLOAD</subfield>
		<subfield code="c">201812211517</subfield>
		<subfield code="d">7951</subfield>
		<subfield code="c">201812141244</subfield>
		<subfield code="d">7663</subfield>
		<subfield code="y">200012270427</subfield>
		<subfield code="z">VLOAD</subfield>
	</datafield>
	<datafield ind1=" " ind2=" " tag="040">
		<subfield code="a">RERO labcud</subfield>
	</datafield>
	<datafield ind1=" " ind2="7" tag="072">
		<subfield code="a">s1th</subfield>
		<subfield code="2">rero</subfield>
	</datafield>
	<datafield ind1="0" ind2="0" tag="245">
		<subfield code="a">Zeitzeichen :</subfield>
		<subfield code="b">evangelische Kommentare zu Religion und Gesellschaft</subfield>
	</datafield>
	<datafield ind1=" " ind2="1" tag="264">
		<subfield code="a">Stuttgart :</subfield>
		<subfield code="b">Kreuz [puis] ;</subfield>
		<subfield code="a">Frankfurt am Main :</subfield>
		<subfield code="b">Gemeinschaftswerk der evang. Publizistik</subfield>
	</datafield>
	<datafield ind1=" " ind2=" " tag="300">
		<subfield code="c">30 cm</subfield>
	</datafield>
	<datafield ind1=" " ind2=" " tag="310">
		<subfield code="a">Mensuel</subfield>
	</datafield>
	<datafield ind1=" " ind2=" " tag="336">
		<subfield code="b">txt</subfield>
		<subfield code="2">rdacontent</subfield>
	</datafield>
	<datafield ind1=" " ind2=" " tag="337">
		<subfield code="b">n</subfield>
		<subfield code="2">rdamedia</subfield>
	</datafield>
	<datafield ind1=" " ind2=" " tag="338">
		<subfield code="b">nc</subfield>
		<subfield code="2">rdacarrier</subfield>
	</datafield>
	<datafield ind1=" " ind2=" " tag="339">
		<subfield code="a">docmaintype_serial</subfield>
	</datafield>
	<datafield ind1="0" ind2=" " tag="362">
		<subfield code="a">Jg. 1(2000), H.10-</subfield>
	</datafield>
	<datafield ind1=" " ind2=" " tag="580">
		<subfield code="a">Fait suite après fusion à: Evangelische Kommentare, Reformierte Kirchenzeitung et Zeichen der Zeit</subfield>
	</datafield>
	<datafield ind1=" " ind2="7" tag="650">
		<subfield code="a">Église</subfield>
		<subfield code="2">rero</subfield>
	</datafield>
	<datafield ind1=" " ind2="7" tag="650">
		<subfield code="a">société (milieu humain)</subfield>
		<subfield code="2">rerovoc</subfield>
	</datafield>
	<datafield ind1=" " ind2="7" tag="650">
		<subfield code="a">Églises réformées</subfield>
		<subfield code="2">rero</subfield>
	</datafield>
	<datafield ind1=" " ind2="7" tag="655">
		<subfield code="a">[Périodiques]</subfield>
		<subfield code="2">rero</subfield>
	</datafield>
	<datafield ind1="1" ind2="0" tag="780">
		<subfield code="t">Evangelische Kommentare</subfield>
	</datafield>
	<datafield ind1="1" ind2="0" tag="780">
		<subfield code="t">Zeichen der Zeit : lutherische Monatshefte</subfield>
		<subfield code="w">REROILS:2000117</subfield>
	</datafield>
	<datafield ind1="1" ind2="0" tag="780">
		<subfield code="t">Reformierte Kirchenzeitung (RKZ) : Organ des Reformierten Bundes für Deutschland</subfield>
		<subfield code="w">REROILS:2000118</subfield>
	</datafield>
	<datafield ind1=" " ind2=" " tag="900">
		<subfield code="a">noselfmerge</subfield>
	</datafield>
	<datafield ind1=" " ind2=" " tag="919">
		<subfield code="9">650 _7</subfield>
		<subfield code="a">Eglise</subfield>
		<subfield code="x">société (milieu humain)</subfield>
		<subfield code="v">[périodique]</subfield>
		<subfield code="2">chrero</subfield>
	</datafield>
	<datafield ind1=" " ind2=" " tag="919">
		<subfield code="9">650 _7</subfield>
		<subfield code="a">Eglise protestante</subfield>
		<subfield code="x">société (milieu humain)</subfield>
		<subfield code="v">[périodique]</subfield>
		<subfield code="2">chrero</subfield>
	</datafield>
	<datafield ind1=" " ind2=" " tag="956">
		<subfield code="a">frbcuc</subfield>
	</datafield>
	<datafield ind1=" " ind2=" " tag="962">
		<subfield code="a">neupam</subfield>
	</datafield>
</record>