

<record>
	<leader>01151nas a2200361 a 4500</leader>
	<controlfield tag="001">REROILS:2000083</controlfield>
	<controlfield tag="003">RERO</controlfield>
	<controlfield tag="005">20201019084700.0</controlfield>
	<controlfield tag="008">000730d18241877xxu|||p|  ||||0 |  0eng d</controlfield>
	<datafield ind1=" " ind2=" " tag="035">
		<subfield code="a">R250160760</subfield>
	</datafield>
	<datafield ind1=" " ind2=" " tag="039">
		<subfield code="b">3313</subfield>
	</datafield>
	<datafield ind1=" " ind2="9" tag="039">
		<subfield code="a">202010190847</subfield>
		<subfield code="b">VLOAD</subfield>
		<subfield code="c">202008210946</subfield>
		<subfield code="d">VLOAD</subfield>
		<subfield code="c">202008201127</subfield>
		<subfield code="d">VLOAD</subfield>
		<subfield code="c">202006181912</subfield>
		<subfield code="d">VLOAD</subfield>
		<subfield code="y">200007300333</subfield>
		<subfield code="z">VLOAD</subfield>
	</datafield>
	<datafield ind1=" " ind2=" " tag="040">
		<subfield code="a">RERO nebpun</subfield>
	</datafield>
	<datafield ind1="0" ind2=" " tag="041">
		<subfield code="a">und</subfield>
	</datafield>
	<datafield ind1=" " ind2="7" tag="072">
		<subfield code="a">s1sg</subfield>
		<subfield code="2">rero</subfield>
	</datafield>
	<datafield ind1="1" ind2="0" tag="210">
		<subfield code="a">Ann. Lyceum Nat. Hist. New York.</subfield>
	</datafield>
	<datafield ind1="0" ind2="0" tag="245">
		<subfield code="a">Annals of the Lyceum of Natural History of New York</subfield>
	</datafield>
	<datafield ind1=" " ind2="1" tag="264">
		<subfield code="a">New York :</subfield>
		<subfield code="b">Lyceum of natural history of New York,</subfield>
		<subfield code="c">1824-1877</subfield>
	</datafield>
	<datafield ind1=" " ind2=" " tag="300">
		<subfield code="b">ill. ;</subfield>
		<subfield code="c">22 [puis] 26 cm</subfield>
	</datafield>
	<datafield ind1=" " ind2=" " tag="336">
		<subfield code="b">txt</subfield>
		<subfield code="2">rdacontent</subfield>
	</datafield>
	<datafield ind1=" " ind2=" " tag="337">
		<subfield code="b">n</subfield>
		<subfield code="2">rdamedia</subfield>
	</datafield>
	<datafield ind1=" " ind2=" " tag="338">
		<subfield code="b">nc</subfield>
		<subfield code="2">rdacarrier</subfield>
	</datafield>
	<datafield ind1=" " ind2=" " tag="339">
		<subfield code="a">docmaintype_serial</subfield>
	</datafield>
	<datafield ind1="0" ind2=" " tag="362">
		<subfield code="a">1(1824)-11(1877)</subfield>
	</datafield>
	<datafield ind1=" " ind2=" " tag="580">
		<subfield code="a">Devient: Annals of the New York Academy of Sciences</subfield>
	</datafield>
	<datafield ind1="2" ind2=" " tag="710">
		<subfield code="a">Lyceum of natural history of New York</subfield>
	</datafield>
	<datafield ind1="1" ind2="0" tag="785">
		<subfield code="t">Annals of the New York Academy of Sciences</subfield>
		<subfield code="w">REROILS:2000042</subfield>
	</datafield>
	<datafield ind1=" " ind2=" " tag="900">
		<subfield code="a">swissbibnomerge</subfield>
	</datafield>
	<datafield ind1=" " ind2=" " tag="957">
		<subfield code="a">gevcjb</subfield>
	</datafield>
	<datafield ind1=" " ind2=" " tag="962">
		<subfield code="a">nebpun</subfield>
	</datafield>
	<datafield ind1=" " ind2=" " tag="982">
		<subfield code="2">cdu-gevcjb</subfield>
		<subfield code="a">P(73)11</subfield>
	</datafield>
	<datafield ind1=" " ind2=" " tag="992">
		<subfield code="a">BOTP 2994</subfield>
		<subfield code="x">ge/vcjb/x</subfield>
	</datafield>
	<datafield ind1=" " ind2=" " tag="994">
		<subfield code="a">PV 268</subfield>
		<subfield code="x">ne/snat/x</subfield>
	</datafield>
</record>