

<record>
	<leader>01172nas a2200313 a 4500</leader>
	<controlfield tag="001">REROILS:2000107</controlfield>
	<controlfield tag="003">RERO</controlfield>
	<controlfield tag="005">20200710182100.0</controlfield>
	<controlfield tag="008">001117c19509999it |||m|| ||||0 || 0ita d</controlfield>
	<datafield ind1=" " ind2=" " tag="035">
		<subfield code="a">0118650</subfield>
	</datafield>
	<datafield ind1=" " ind2=" " tag="039">
		<subfield code="b">0024c</subfield>
	</datafield>
	<datafield ind1=" " ind2="9" tag="039">
		<subfield code="a">202007101821</subfield>
		<subfield code="b">VLOAD</subfield>
		<subfield code="c">201907051215</subfield>
		<subfield code="d">VLOAD</subfield>
		<subfield code="c">201705151635</subfield>
		<subfield code="d">VLOAD</subfield>
		<subfield code="c">200812210609</subfield>
		<subfield code="d">VLOAD</subfield>
		<subfield code="y">1999022713000000</subfield>
		<subfield code="z">load</subfield>
	</datafield>
	<datafield ind1=" " ind2=" " tag="040">
		<subfield code="a">RERO</subfield>
	</datafield>
	<datafield ind1=" " ind2="7" tag="072">
		<subfield code="a">s1bt</subfield>
		<subfield code="2">rero</subfield>
	</datafield>
	<datafield ind1=" " ind2="7" tag="072">
		<subfield code="a">s2hs</subfield>
		<subfield code="2">rero</subfield>
	</datafield>
	<datafield ind1="0" ind2=" " tag="130">
		<subfield code="a">Pubblicazioni degli Archivi di Stato.</subfield>
		<subfield code="p">Ministero per i beni culturali e ambientali Ufficio centrale per i beni archivistici</subfield>
	</datafield>
	<datafield ind1="1" ind2="0" tag="245">
		<subfield code="a">Pubblicazioni degli Archivi di Stato</subfield>
	</datafield>
	<datafield ind1=" " ind2="1" tag="264">
		<subfield code="a">Roma :</subfield>
		<subfield code="b">Ministero per i beni culturali e ambientali Ufficio centrale per i beni archivistici</subfield>
	</datafield>
	<datafield ind1=" " ind2=" " tag="336">
		<subfield code="b">txt</subfield>
		<subfield code="2">rdacontent</subfield>
	</datafield>
	<datafield ind1=" " ind2=" " tag="337">
		<subfield code="b">n</subfield>
		<subfield code="2">rdamedia</subfield>
	</datafield>
	<datafield ind1=" " ind2=" " tag="338">
		<subfield code="b">nc</subfield>
		<subfield code="2">rdacarrier</subfield>
	</datafield>
	<datafield ind1=" " ind2=" " tag="339">
		<subfield code="a">docmaintype_series</subfield>
	</datafield>
	<datafield ind1="0" ind2=" " tag="362">
		<subfield code="a">1(1950)-98</subfield>
	</datafield>
	<datafield ind1=" " ind2=" " tag="500">
		<subfield code="a">Dès 1983, cette collection se subdivise en plusieurs séries et sa numérotation continue dans la série &quot;Strumenti&quot; tandis que ses propres volumes ne sont plus numérotés</subfield>
	</datafield>
	<datafield ind1="2" ind2=" " tag="710">
		<subfield code="a">Archivi di Stato (Italia)</subfield>
		<subfield code="0">(IdRef)026389916</subfield>
	</datafield>
	<datafield ind1=" " ind2=" " tag="900">
		<subfield code="a">noselfmerge</subfield>
	</datafield>
	<datafield ind1=" " ind2=" " tag="956">
		<subfield code="a">frbcuc</subfield>
	</datafield>
	<datafield ind1=" " ind2=" " tag="957">
		<subfield code="a">gevbge</subfield>
	</datafield>
</record>