

<record>
	<leader>01111nas a2200325 a 4500</leader>
	<controlfield tag="001">REROILS:2000098</controlfield>
	<controlfield tag="003">RERO</controlfield>
	<controlfield tag="005">20170518191500.0</controlfield>
	<controlfield tag="008">050225d19481950gw |||p|| ||||0 || 0ger d</controlfield>
	<datafield ind1=" " ind2=" " tag="035">
		<subfield code="a">R003797934</subfield>
	</datafield>
	<datafield ind1=" " ind2="9" tag="039">
		<subfield code="a">201705181915</subfield>
		<subfield code="b">VLOAD</subfield>
		<subfield code="c">201210191849</subfield>
		<subfield code="d">VLOAD</subfield>
		<subfield code="c">200605281928</subfield>
		<subfield code="d">VLOAD</subfield>
		<subfield code="c">200508091100</subfield>
		<subfield code="d">7951</subfield>
		<subfield code="y">200502251545</subfield>
		<subfield code="z">7669</subfield>
	</datafield>
	<datafield ind1=" " ind2=" " tag="040">
		<subfield code="a">RERO neuthe</subfield>
	</datafield>
	<datafield ind1=" " ind2="7" tag="072">
		<subfield code="a">s1th</subfield>
		<subfield code="2">rero</subfield>
	</datafield>
	<datafield ind1="0" ind2="0" tag="245">
		<subfield code="a">Lutherische Weltrundschau</subfield>
	</datafield>
	<datafield ind1=" " ind2="1" tag="264">
		<subfield code="a">Neuendettelsäu :</subfield>
		<subfield code="b">Freimund Verlag,</subfield>
		<subfield code="c">1948-1950</subfield>
	</datafield>
	<datafield ind1=" " ind2=" " tag="300">
		<subfield code="c">22 cm</subfield>
	</datafield>
	<datafield ind1=" " ind2=" " tag="310">
		<subfield code="a">Quarterly</subfield>
	</datafield>
	<datafield ind1=" " ind2=" " tag="336">
		<subfield code="b">txt</subfield>
		<subfield code="2">rdacontent</subfield>
	</datafield>
	<datafield ind1=" " ind2=" " tag="337">
		<subfield code="b">n</subfield>
		<subfield code="2">rdamedia</subfield>
	</datafield>
	<datafield ind1=" " ind2=" " tag="338">
		<subfield code="b">nc</subfield>
		<subfield code="2">rdacarrier</subfield>
	</datafield>
	<datafield ind1=" " ind2=" " tag="339">
		<subfield code="a">docmaintype_serial</subfield>
	</datafield>
	<datafield ind1="0" ind2=" " tag="362">
		<subfield code="a">Jahr 1(1948/49)-Jahr 2(1949/50)</subfield>
	</datafield>
	<datafield ind1=" " ind2=" " tag="580">
		<subfield code="a">English ed. : Lutheran world review</subfield>
	</datafield>
	<datafield ind1=" " ind2=" " tag="580">
		<subfield code="a">Succeeding title : Lutherische Rundschau</subfield>
	</datafield>
	<datafield ind1="2" ind2=" " tag="710">
		<subfield code="a">Fédération luthérienne mondiale</subfield>
	</datafield>
	<datafield ind1="1" ind2=" " tag="775">
		<subfield code="t">Lutheran World review</subfield>
		<subfield code="w">REROILS:2000119</subfield>
	</datafield>
	<datafield ind1="1" ind2="0" tag="785">
		<subfield code="t">Lutherische Rundschau : Zeitschrift des Lutherischen Weltbundes</subfield>
		<subfield code="w">REROILS:2000034</subfield>
	</datafield>
	<datafield ind1=" " ind2=" " tag="900">
		<subfield code="a">noselfmerge</subfield>
	</datafield>
	<datafield ind1=" " ind2=" " tag="957">
		<subfield code="a">gewcc-</subfield>
	</datafield>
</record>