

<record>
	<leader>01207nas a2200325 a 4500</leader>
	<controlfield tag="001">REROILS:2000088</controlfield>
	<controlfield tag="003">RERO</controlfield>
	<controlfield tag="005">20180630200700.0</controlfield>
	<controlfield tag="008">000809d19591966sz |||m|  ||||0 || 0fre d</controlfield>
	<datafield ind1=" " ind2=" " tag="035">
		<subfield code="a">0168866</subfield>
	</datafield>
	<datafield ind1=" " ind2="9" tag="039">
		<subfield code="a">201806302007</subfield>
		<subfield code="b">VLOAD</subfield>
		<subfield code="c">201705151507</subfield>
		<subfield code="d">VLOAD</subfield>
		<subfield code="c">201703281412</subfield>
		<subfield code="d">VLOAD</subfield>
		<subfield code="c">201703280935</subfield>
		<subfield code="d">VLOAD</subfield>
		<subfield code="y">1999022714190000</subfield>
		<subfield code="z">load</subfield>
	</datafield>
	<datafield ind1=" " ind2=" " tag="040">
		<subfield code="a">RERO</subfield>
	</datafield>
	<datafield ind1=" " ind2=" " tag="044">
		<subfield code="a">sz</subfield>
		<subfield code="c">ch-vd</subfield>
	</datafield>
	<datafield ind1=" " ind2="7" tag="072">
		<subfield code="a">s1ba</subfield>
		<subfield code="2">rero</subfield>
	</datafield>
	<datafield ind1="0" ind2="0" tag="245">
		<subfield code="a">Documents de cinéma /</subfield>
		<subfield code="c">publ. par la Cinémathèque suisse, Lausanne</subfield>
	</datafield>
	<datafield ind1=" " ind2="1" tag="264">
		<subfield code="a">Lausanne :</subfield>
		<subfield code="b">Cinémathèque suisse,</subfield>
		<subfield code="c">1959-1966</subfield>
	</datafield>
	<datafield ind1=" " ind2=" " tag="300">
		<subfield code="a">6 vol. :</subfield>
		<subfield code="b">ill. ;</subfield>
		<subfield code="c">30 [puis] 21 cm</subfield>
	</datafield>
	<datafield ind1=" " ind2=" " tag="336">
		<subfield code="b">txt</subfield>
		<subfield code="2">rdacontent</subfield>
	</datafield>
	<datafield ind1=" " ind2=" " tag="337">
		<subfield code="b">n</subfield>
		<subfield code="2">rdamedia</subfield>
	</datafield>
	<datafield ind1=" " ind2=" " tag="338">
		<subfield code="b">nc</subfield>
		<subfield code="2">rdacarrier</subfield>
	</datafield>
	<datafield ind1=" " ind2=" " tag="339">
		<subfield code="a">docmaintype_series</subfield>
	</datafield>
	<datafield ind1="0" ind2=" " tag="362">
		<subfield code="a">No 1(1959) - 6(1966)</subfield>
	</datafield>
	<datafield ind1=" " ind2=" " tag="580">
		<subfield code="a">Fait suite à: Bulletin de la cinémathèque suisse. Devient: Travelling : documents cinémathèque suisse. Et: Documents publiés par la Cinémathèque suisse</subfield>
	</datafield>
	<datafield ind1="2" ind2=" " tag="710">
		<subfield code="a">Cinémathèque suisse</subfield>
		<subfield code="0">(IdRef)033492115</subfield>
	</datafield>
	<datafield ind1="1" ind2="0" tag="780">
		<subfield code="t">Bulletin de la Cinémathèque Suisse</subfield>
		<subfield code="w">REROILS:2000123</subfield>
	</datafield>
	<datafield ind1="1" ind2="0" tag="785">
		<subfield code="t">Travelling. Cinémathèque suisse</subfield>
		<subfield code="w">REROILS:2000008</subfield>
	</datafield>
	<datafield ind1="1" ind2="0" tag="785">
		<subfield code="t">Documents publiés par la Cinémathèque suisse, Lausanne</subfield>
		<subfield code="w">REROILS:2000122</subfield>
	</datafield>
	<datafield ind1=" " ind2=" " tag="900">
		<subfield code="a">noselfmerge</subfield>
	</datafield>
	<datafield ind1=" " ind2=" " tag="957">
		<subfield code="a">gevbaa gevbge</subfield>
	</datafield>
	<datafield ind1=" " ind2=" " tag="992">
		<subfield code="a">-</subfield>
		<subfield code="x">ge/vbaa/a</subfield>
	</datafield>
</record>