

<record>
	<leader>01019cas a22002657a 4500</leader>
	<controlfield tag="001">REROILS:2000094</controlfield>
	<controlfield tag="003">RERO</controlfield>
	<controlfield tag="005">20170516135600.0</controlfield>
	<controlfield tag="008">001115c9999    xx |||m|| ||||0 || 0und d</controlfield>
	<datafield ind1=" " ind2=" " tag="035">
		<subfield code="a">0945868</subfield>
	</datafield>
	<datafield ind1=" " ind2=" " tag="039">
		<subfield code="b">7350c</subfield>
	</datafield>
	<datafield ind1=" " ind2="9" tag="039">
		<subfield code="a">201705161356</subfield>
		<subfield code="b">VLOAD</subfield>
		<subfield code="c">200605290756</subfield>
		<subfield code="d">VLOAD</subfield>
		<subfield code="c">200011151913</subfield>
		<subfield code="d">VLOAD</subfield>
		<subfield code="c">200011101910</subfield>
		<subfield code="d">VLOAD</subfield>
		<subfield code="y">1999022808030000</subfield>
		<subfield code="z">load</subfield>
	</datafield>
	<datafield ind1=" " ind2=" " tag="040">
		<subfield code="a">RERO labcud</subfield>
	</datafield>
	<datafield ind1="0" ind2=" " tag="130">
		<subfield code="a">Studienheft / Kirchliches Aussenamt der Evangelischen Kirche in Deutschland</subfield>
	</datafield>
	<datafield ind1="1" ind2="0" tag="245">
		<subfield code="a">Studienheft /</subfield>
		<subfield code="c">hrsg. vom Kirchlichen Aussenamt der Evangelischen Kirche in Deutschland</subfield>
	</datafield>
	<datafield ind1=" " ind2="1" tag="264">
		<subfield code="a">Witten ;</subfield>
		<subfield code="a">Bielefeld :</subfield>
		<subfield code="b">Luther Verl. ;</subfield>
		<subfield code="a">[dann]</subfield>
		<subfield code="a">Frankfurt am Main :</subfield>
		<subfield code="b">O. Lembeck [etc.]</subfield>
	</datafield>
	<datafield ind1=" " ind2=" " tag="336">
		<subfield code="b">txt</subfield>
		<subfield code="2">rdacontent</subfield>
	</datafield>
	<datafield ind1=" " ind2=" " tag="337">
		<subfield code="b">n</subfield>
		<subfield code="2">rdamedia</subfield>
	</datafield>
	<datafield ind1=" " ind2=" " tag="338">
		<subfield code="b">nc</subfield>
		<subfield code="2">rdacarrier</subfield>
	</datafield>
	<datafield ind1=" " ind2=" " tag="339">
		<subfield code="a">docmaintype_series</subfield>
	</datafield>
	<datafield ind1=" " ind2=" " tag="580">
		<subfield code="a">Les vol. 9 à 19 sont contenus dans: Beihefte zur ökumenischen Rundschau</subfield>
	</datafield>
	<datafield ind1="2" ind2=" " tag="710">
		<subfield code="a">Evangelische Kirche in Deutschland.</subfield>
		<subfield code="b">Aussenamt</subfield>
	</datafield>
	<datafield ind1="1" ind2=" " tag="777">
		<subfield code="t">Beiheft zur Ökumenischen Rundschau</subfield>
		<subfield code="w">REROILS:2000046</subfield>
	</datafield>
	<datafield ind1=" " ind2=" " tag="900">
		<subfield code="a">noselfmerge</subfield>
	</datafield>
	<datafield ind1=" " ind2=" " tag="900">
		<subfield code="a">reroslsp</subfield>
	</datafield>
</record>