

<record>
	<leader>01351nas a2200397 a 4500</leader>
	<controlfield tag="001">REROILS:2000110</controlfield>
	<controlfield tag="003">RERO</controlfield>
	<controlfield tag="005">20181116195900.0</controlfield>
	<controlfield tag="008">960525d19781990gw |||m|| ||||0 || 0eng d</controlfield>
	<datafield ind1=" " ind2=" " tag="022">
		<subfield code="a">0174-1764</subfield>
	</datafield>
	<datafield ind1=" " ind2=" " tag="035">
		<subfield code="a">0195250</subfield>
	</datafield>
	<datafield ind1=" " ind2="9" tag="039">
		<subfield code="a">201811161959</subfield>
		<subfield code="b">VLOAD</subfield>
		<subfield code="c">201706101553</subfield>
		<subfield code="d">VLOAD</subfield>
		<subfield code="c">201301161635</subfield>
		<subfield code="d">VLOAD</subfield>
		<subfield code="c">200812230349</subfield>
		<subfield code="d">VLOAD</subfield>
		<subfield code="y">1999022714590000</subfield>
		<subfield code="z">load</subfield>
	</datafield>
	<datafield ind1=" " ind2=" " tag="040">
		<subfield code="a">RERO</subfield>
	</datafield>
	<datafield ind1=" " ind2="7" tag="072">
		<subfield code="a">s1th</subfield>
		<subfield code="2">rero</subfield>
	</datafield>
	<datafield ind1="0" ind2="0" tag="245">
		<subfield code="a">LWF report /</subfield>
		<subfield code="c">Lutheran World Federation</subfield>
	</datafield>
	<datafield ind1=" " ind2="1" tag="264">
		<subfield code="a">Stuttgart :</subfield>
		<subfield code="b">Kreuz Verlag ;</subfield>
		<subfield code="a">[then] Geneva :</subfield>
		<subfield code="b">Lutheran World Federation,</subfield>
		<subfield code="c">1978-1990</subfield>
	</datafield>
	<datafield ind1=" " ind2=" " tag="300">
		<subfield code="c">21, 24, 30 cm</subfield>
	</datafield>
	<datafield ind1=" " ind2=" " tag="336">
		<subfield code="b">txt</subfield>
		<subfield code="2">rdacontent</subfield>
	</datafield>
	<datafield ind1=" " ind2=" " tag="337">
		<subfield code="b">n</subfield>
		<subfield code="2">rdamedia</subfield>
	</datafield>
	<datafield ind1=" " ind2=" " tag="338">
		<subfield code="b">nc</subfield>
		<subfield code="2">rdacarrier</subfield>
	</datafield>
	<datafield ind1=" " ind2=" " tag="339">
		<subfield code="a">docmaintype_series</subfield>
	</datafield>
	<datafield ind1="0" ind2=" " tag="362">
		<subfield code="a">No. 1/2(september 1978) - no 28/29(December 1990)</subfield>
	</datafield>
	<datafield ind1=" " ind2=" " tag="500">
		<subfield code="a">Format: 24 cm pour le no. 27(Nov. 1989), 30 cm pour le no. 28/29(Dec. 1990)</subfield>
	</datafield>
	<datafield ind1=" " ind2=" " tag="580">
		<subfield code="a">Fait suite après scission à: Lutheran World</subfield>
	</datafield>
	<datafield ind1=" " ind2=" " tag="580">
		<subfield code="a">Ed. allemande: LWB Report</subfield>
	</datafield>
	<datafield ind1=" " ind2=" " tag="580">
		<subfield code="a">Ed. française: Rapport FLM</subfield>
	</datafield>
	<datafield ind1=" " ind2="7" tag="650">
		<subfield code="a">luthéranisme</subfield>
		<subfield code="2">rerovoc</subfield>
	</datafield>
	<datafield ind1=" " ind2="7" tag="655">
		<subfield code="a">[Périodiques]</subfield>
		<subfield code="2">rero</subfield>
	</datafield>
	<datafield ind1="2" ind2=" " tag="710">
		<subfield code="a">Fédération luthérienne mondiale</subfield>
	</datafield>
	<datafield ind1="1" ind2=" " tag="775">
		<subfield code="t">LWB report</subfield>
		<subfield code="w">REROILS:2000097</subfield>
	</datafield>
	<datafield ind1="1" ind2=" " tag="775">
		<subfield code="t">Rapport FLM</subfield>
		<subfield code="w">REROILS:2000114</subfield>
	</datafield>
	<datafield ind1="1" ind2="0" tag="780">
		<subfield code="t">Lutheran world</subfield>
		<subfield code="w">REROILS:2000099</subfield>
	</datafield>
	<datafield ind1=" " ind2=" " tag="900">
		<subfield code="a">noselfmerge</subfield>
	</datafield>
	<datafield ind1=" " ind2=" " tag="919">
		<subfield code="9">650 _7</subfield>
		<subfield code="a">luthéranisme</subfield>
		<subfield code="v">[périodique]</subfield>
		<subfield code="2">chrero</subfield>
	</datafield>
	<datafield ind1=" " ind2=" " tag="957">
		<subfield code="a">gevbge gewcc-</subfield>
	</datafield>
	<datafield ind1=" " ind2=" " tag="992">
		<subfield code="a">BGE RB 1763</subfield>
		<subfield code="x">ge/vbge/a</subfield>
	</datafield>
</record>