

<record>
	<leader>00774nas a2200277 a 4500</leader>
	<controlfield tag="001">REROILS:2000114</controlfield>
	<controlfield tag="003">RERO</controlfield>
	<controlfield tag="005">20170522101300.0</controlfield>
	<controlfield tag="008">090824u        sz |||m|| ||||0 || 0fre d</controlfield>
	<datafield ind1=" " ind2=" " tag="035">
		<subfield code="a">R005154247</subfield>
	</datafield>
	<datafield ind1=" " ind2="9" tag="039">
		<subfield code="a">201705221013</subfield>
		<subfield code="b">VLOAD</subfield>
		<subfield code="y">200908241207</subfield>
		<subfield code="z">7670</subfield>
	</datafield>
	<datafield ind1=" " ind2=" " tag="040">
		<subfield code="a">RERO gewcc-</subfield>
	</datafield>
	<datafield ind1=" " ind2="7" tag="072">
		<subfield code="a">s1th</subfield>
		<subfield code="2">rero</subfield>
	</datafield>
	<datafield ind1="0" ind2="0" tag="245">
		<subfield code="a">Rapport FLM /</subfield>
		<subfield code="c">Fédération luthérienne mondiale</subfield>
	</datafield>
	<datafield ind1=" " ind2="1" tag="264">
		<subfield code="a">Genève :</subfield>
		<subfield code="b">Fédération luthérienne mondiale</subfield>
	</datafield>
	<datafield ind1=" " ind2=" " tag="336">
		<subfield code="b">txt</subfield>
		<subfield code="2">rdacontent</subfield>
	</datafield>
	<datafield ind1=" " ind2=" " tag="337">
		<subfield code="b">n</subfield>
		<subfield code="2">rdamedia</subfield>
	</datafield>
	<datafield ind1=" " ind2=" " tag="338">
		<subfield code="b">nc</subfield>
		<subfield code="2">rdacarrier</subfield>
	</datafield>
	<datafield ind1=" " ind2=" " tag="339">
		<subfield code="a">docmaintype_series</subfield>
	</datafield>
	<datafield ind1=" " ind2=" " tag="580">
		<subfield code="a">Ed. allemande: LWB Report</subfield>
	</datafield>
	<datafield ind1=" " ind2=" " tag="580">
		<subfield code="a">Ed. anglaise: LWF report</subfield>
	</datafield>
	<datafield ind1="2" ind2=" " tag="710">
		<subfield code="a">Fédération luthérienne mondiale</subfield>
	</datafield>
	<datafield ind1="1" ind2=" " tag="775">
		<subfield code="t">LWB report</subfield>
		<subfield code="w">REROILS:2000097</subfield>
	</datafield>
	<datafield ind1="1" ind2=" " tag="775">
		<subfield code="t">LWF report</subfield>
		<subfield code="w">REROILS:2000110</subfield>
	</datafield>
	<datafield ind1=" " ind2=" " tag="900">
		<subfield code="a">noselfmerge</subfield>
	</datafield>
	<datafield ind1=" " ind2=" " tag="900">
		<subfield code="a">reroslsp</subfield>
	</datafield>
</record>