

<record>
	<leader>01544nas a2200349 a 4500</leader>
	<controlfield tag="001">REROILS:2000118</controlfield>
	<controlfield tag="003">RERO</controlfield>
	<controlfield tag="005">20170530082300.0</controlfield>
	<controlfield tag="008">101028d18512000gw |||p|  ||||0 |  0fre d</controlfield>
	<datafield ind1=" " ind2=" " tag="019">
		<subfield code="a">! Catalogué d'après ZDB !</subfield>
		<subfield code="9">gewcc-/10.2010</subfield>
	</datafield>
	<datafield ind1=" " ind2=" " tag="022">
		<subfield code="a">0724-5939</subfield>
	</datafield>
	<datafield ind1=" " ind2=" " tag="035">
		<subfield code="a">R005687817</subfield>
	</datafield>
	<datafield ind1=" " ind2="9" tag="039">
		<subfield code="a">201705300823</subfield>
		<subfield code="b">VLOAD</subfield>
		<subfield code="c">201203261034</subfield>
		<subfield code="d">6016</subfield>
		<subfield code="c">201203221608</subfield>
		<subfield code="d">6016</subfield>
		<subfield code="c">201203221202</subfield>
		<subfield code="d">6016</subfield>
		<subfield code="y">201010281813</subfield>
		<subfield code="z">7650</subfield>
	</datafield>
	<datafield ind1=" " ind2=" " tag="040">
		<subfield code="a">RERO gewcc-</subfield>
	</datafield>
	<datafield ind1=" " ind2="7" tag="072">
		<subfield code="a">s1th</subfield>
		<subfield code="2">rero</subfield>
	</datafield>
	<datafield ind1="0" ind2="0" tag="245">
		<subfield code="a">Reformierte Kirchenzeitung (RKZ) :</subfield>
		<subfield code="b">Organ des Reformierten Bundes für Deutschland</subfield>
	</datafield>
	<datafield ind1="3" ind2=" " tag="246">
		<subfield code="a">RKZ</subfield>
	</datafield>
	<datafield ind1=" " ind2="1" tag="264">
		<subfield code="a">Neukirchen-Vluyn [u.a.] :</subfield>
		<subfield code="b">Neukirchener Verl. d. Erziehungsvereins</subfield>
	</datafield>
	<datafield ind1=" " ind2=" " tag="336">
		<subfield code="b">txt</subfield>
		<subfield code="2">rdacontent</subfield>
	</datafield>
	<datafield ind1=" " ind2=" " tag="337">
		<subfield code="b">n</subfield>
		<subfield code="2">rdamedia</subfield>
	</datafield>
	<datafield ind1=" " ind2=" " tag="338">
		<subfield code="b">nc</subfield>
		<subfield code="2">rdacarrier</subfield>
	</datafield>
	<datafield ind1=" " ind2=" " tag="339">
		<subfield code="a">docmaintype_serial</subfield>
	</datafield>
	<datafield ind1="0" ind2=" " tag="362">
		<subfield code="a">1(1851)-3(1853) ; S.3, no 1(1878)-35(1912)=28-62 ; 63(1913)-89(1939), no 6 ; 90(1949)-141(2000)</subfield>
	</datafield>
	<datafield ind1=" " ind2=" " tag="580">
		<subfield code="a">Devient: Zeitzeichen : evangelische Kommentare zu Religion und Gesellschaft</subfield>
	</datafield>
	<datafield ind1=" " ind2=" " tag="580">
		<subfield code="a">De 1854 à 1856, porte le titre: Neue reformierte Kirchenzeitung ; de 1857 à 1888 porte le titre: Evangelisch-reformierte Kirchenzeitung</subfield>
	</datafield>
	<datafield ind1="2" ind2=" " tag="710">
		<subfield code="a">Reformierter Bund (Deutschland BRD)</subfield>
		<subfield code="0">(IdRef)07653023X</subfield>
	</datafield>
	<datafield ind1="1" ind2="0" tag="780">
		<subfield code="t">Neue reformierte Kirchenzeitung</subfield>
	</datafield>
	<datafield ind1="1" ind2="0" tag="785">
		<subfield code="t">Evangelisch-reformierte Kirchenzeitung</subfield>
	</datafield>
	<datafield ind1="1" ind2="0" tag="785">
		<subfield code="t">Zeitzeichen : evangelische Kommentare zu Religion und Gesellschaft</subfield>
		<subfield code="w">REROILS:2000089</subfield>
	</datafield>
	<datafield ind1=" " ind2=" " tag="900">
		<subfield code="a">noselfmerge</subfield>
	</datafield>
	<datafield ind1=" " ind2=" " tag="957">
		<subfield code="a">gevbge</subfield>
	</datafield>
</record>