

<record>
	<leader>01062nas a2200325 a 4500</leader>
	<controlfield tag="001">REROILS:2000121</controlfield>
	<controlfield tag="003">RERO</controlfield>
	<controlfield tag="005">20180709192400.0</controlfield>
	<controlfield tag="008">100316u        sz |||m|| ||||0 || 0spa d</controlfield>
	<datafield ind1=" " ind2=" " tag="035">
		<subfield code="a">R005409836</subfield>
	</datafield>
	<datafield ind1=" " ind2="9" tag="039">
		<subfield code="a">201807091924</subfield>
		<subfield code="b">VLOAD</subfield>
		<subfield code="c">201705291758</subfield>
		<subfield code="d">VLOAD</subfield>
		<subfield code="c">201003161617</subfield>
		<subfield code="d">7670</subfield>
		<subfield code="y">201003161616</subfield>
		<subfield code="z">7670</subfield>
	</datafield>
	<datafield ind1=" " ind2=" " tag="040">
		<subfield code="a">RERO gewcc-</subfield>
	</datafield>
	<datafield ind1=" " ind2=" " tag="044">
		<subfield code="a">sz</subfield>
		<subfield code="c">ch-ge</subfield>
	</datafield>
	<datafield ind1=" " ind2="7" tag="072">
		<subfield code="a">s1th</subfield>
		<subfield code="2">rero</subfield>
	</datafield>
	<datafield ind1="0" ind2="0" tag="245">
		<subfield code="a">FLM documentación /</subfield>
		<subfield code="c">Federación Luterana Mundial, Departamento de Misión y Desarrollo, Educación Cristiana</subfield>
	</datafield>
	<datafield ind1="3" ind2=" " tag="246">
		<subfield code="a">Documentación / Federación Luterana Mundial</subfield>
	</datafield>
	<datafield ind1=" " ind2="1" tag="264">
		<subfield code="a">Ginebra :</subfield>
		<subfield code="b">Federación Luterana Mundial</subfield>
	</datafield>
	<datafield ind1=" " ind2=" " tag="336">
		<subfield code="b">txt</subfield>
		<subfield code="2">rdacontent</subfield>
	</datafield>
	<datafield ind1=" " ind2=" " tag="337">
		<subfield code="b">n</subfield>
		<subfield code="2">rdamedia</subfield>
	</datafield>
	<datafield ind1=" " ind2=" " tag="338">
		<subfield code="b">nc</subfield>
		<subfield code="2">rdacarrier</subfield>
	</datafield>
	<datafield ind1=" " ind2=" " tag="339">
		<subfield code="a">docmaintype_series</subfield>
	</datafield>
	<datafield ind1=" " ind2=" " tag="580">
		<subfield code="a">German ed.: LWB Dokumentation</subfield>
	</datafield>
	<datafield ind1=" " ind2=" " tag="580">
		<subfield code="a">French ed.: FLM documentation</subfield>
	</datafield>
	<datafield ind1=" " ind2=" " tag="580">
		<subfield code="a">English ed.: LWF documentation</subfield>
	</datafield>
	<datafield ind1="2" ind2=" " tag="710">
		<subfield code="a">Fédération luthérienne mondiale</subfield>
	</datafield>
	<datafield ind1="1" ind2=" " tag="775">
		<subfield code="t">LWB Dokumentation</subfield>
		<subfield code="w">REROILS:2000096</subfield>
	</datafield>
	<datafield ind1="1" ind2=" " tag="775">
		<subfield code="t">FLM documentation</subfield>
		<subfield code="w">REROILS:2000120</subfield>
	</datafield>
	<datafield ind1="1" ind2=" " tag="775">
		<subfield code="t">LWF documentation</subfield>
		<subfield code="w">REROILS:2000111</subfield>
	</datafield>
	<datafield ind1=" " ind2=" " tag="900">
		<subfield code="a">noselfmerge</subfield>
	</datafield>
	<datafield ind1=" " ind2=" " tag="900">
		<subfield code="a">reroslsp</subfield>
	</datafield>
</record>