

<record>
	<leader>01422nas a2200385 a 4500</leader>
	<controlfield tag="001">REROILS:2000117</controlfield>
	<controlfield tag="003">RERO</controlfield>
	<controlfield tag="005">20181116202000.0</controlfield>
	<controlfield tag="008">010121d19982000gw |||p|| ||||0 || 0ger d</controlfield>
	<datafield ind1=" " ind2=" " tag="022">
		<subfield code="a">1436-0810</subfield>
	</datafield>
	<datafield ind1=" " ind2=" " tag="035">
		<subfield code="a">R256085460</subfield>
	</datafield>
	<datafield ind1=" " ind2=" " tag="039">
		<subfield code="b">0024</subfield>
		<subfield code="b">0115i</subfield>
	</datafield>
	<datafield ind1=" " ind2="9" tag="039">
		<subfield code="a">201811162020</subfield>
		<subfield code="b">VLOAD</subfield>
		<subfield code="c">201706110832</subfield>
		<subfield code="d">VLOAD</subfield>
		<subfield code="c">201210191728</subfield>
		<subfield code="d">VLOAD</subfield>
		<subfield code="c">200812210811</subfield>
		<subfield code="d">VLOAD</subfield>
		<subfield code="y">200009042005</subfield>
		<subfield code="z">VLOAD</subfield>
	</datafield>
	<datafield ind1=" " ind2=" " tag="040">
		<subfield code="a">RERO frbcuc</subfield>
	</datafield>
	<datafield ind1=" " ind2="7" tag="072">
		<subfield code="a">s1th</subfield>
		<subfield code="2">rero</subfield>
	</datafield>
	<datafield ind1="0" ind2="4" tag="245">
		<subfield code="a">Die Zeichen der Zeit :</subfield>
		<subfield code="b">lutherische Monatshefte</subfield>
	</datafield>
	<datafield ind1=" " ind2="1" tag="264">
		<subfield code="a">Leipzig :</subfield>
		<subfield code="b">Evangelische Verlagsanstalt ;</subfield>
		<subfield code="a">Hannover :</subfield>
		<subfield code="b">Lutherisches Verlagshaus</subfield>
	</datafield>
	<datafield ind1=" " ind2=" " tag="300">
		<subfield code="c">30 cm</subfield>
	</datafield>
	<datafield ind1=" " ind2=" " tag="310">
		<subfield code="a">Monatlich</subfield>
	</datafield>
	<datafield ind1=" " ind2=" " tag="336">
		<subfield code="b">txt</subfield>
		<subfield code="2">rdacontent</subfield>
	</datafield>
	<datafield ind1=" " ind2=" " tag="337">
		<subfield code="b">n</subfield>
		<subfield code="2">rdamedia</subfield>
	</datafield>
	<datafield ind1=" " ind2=" " tag="338">
		<subfield code="b">nc</subfield>
		<subfield code="2">rdacarrier</subfield>
	</datafield>
	<datafield ind1=" " ind2=" " tag="339">
		<subfield code="a">docmaintype_serial</subfield>
	</datafield>
	<datafield ind1="0" ind2=" " tag="362">
		<subfield code="a">Jg. 1(1998),7- 3(2000),9</subfield>
	</datafield>
	<datafield ind1=" " ind2=" " tag="580">
		<subfield code="a">Fait suite à: &quot;Lutherische Monatshefte&quot; et &quot;Die Zeichen der Zeit : evangelische Monatsschrift für Mitarbeiter der Kirche&quot;</subfield>
	</datafield>
	<datafield ind1=" " ind2=" " tag="580">
		<subfield code="a">Fusionne avec &quot;Reformierte KirchenZeitung&quot; et &quot;Zeichen der Zeit&quot;, et devient: &quot;Zeitzeichen: evangelische Kommentare zu Religion und Gesellschaft&quot;</subfield>
	</datafield>
	<datafield ind1=" " ind2="7" tag="650">
		<subfield code="a">Théologie</subfield>
		<subfield code="2">rero</subfield>
	</datafield>
	<datafield ind1=" " ind2="7" tag="655">
		<subfield code="a">[Périodiques]</subfield>
		<subfield code="2">rero</subfield>
	</datafield>
	<datafield ind1="1" ind2="0" tag="780">
		<subfield code="t">Lutherische Monatshefte</subfield>
		<subfield code="w">REROILS:2000132</subfield>
	</datafield>
	<datafield ind1="1" ind2="0" tag="785">
		<subfield code="t">Zeitzeichen: evangelische Kommentare zu Religion und Gesellschaft</subfield>
		<subfield code="w">REROILS:2000089</subfield>
	</datafield>
	<datafield ind1=" " ind2=" " tag="900">
		<subfield code="a">noselfmerge</subfield>
	</datafield>
	<datafield ind1=" " ind2=" " tag="919">
		<subfield code="9">650 _7</subfield>
		<subfield code="a">théologie</subfield>
		<subfield code="v">[périodique]</subfield>
		<subfield code="2">chrero</subfield>
	</datafield>
	<datafield ind1=" " ind2=" " tag="956">
		<subfield code="a">frbcuc</subfield>
	</datafield>
	<datafield ind1=" " ind2=" " tag="957">
		<subfield code="a">gewcc-</subfield>
	</datafield>
</record>