

<record>
	<leader>01235nas a2200349 a 4500</leader>
	<controlfield tag="001">REROILS:2000128</controlfield>
	<controlfield tag="003">RERO</controlfield>
	<controlfield tag="005">20180703175400.0</controlfield>
	<controlfield tag="008">000928d20072013xxu|||m|  ||||0 |  0eng d</controlfield>
	<datafield ind1=" " ind2=" " tag="022">
		<subfield code="a">0174-1756</subfield>
	</datafield>
	<datafield ind1=" " ind2=" " tag="035">
		<subfield code="a">R274518960</subfield>
	</datafield>
	<datafield ind1=" " ind2=" " tag="039">
		<subfield code="b">8048</subfield>
	</datafield>
	<datafield ind1=" " ind2="9" tag="039">
		<subfield code="a">201807031754</subfield>
		<subfield code="b">VLOAD</subfield>
		<subfield code="c">201705181347</subfield>
		<subfield code="d">VLOAD</subfield>
		<subfield code="c">201409301809</subfield>
		<subfield code="d">7650</subfield>
		<subfield code="c">201403241451</subfield>
		<subfield code="d">6065</subfield>
		<subfield code="y">200009280553</subfield>
		<subfield code="z">VLOAD</subfield>
	</datafield>
	<datafield ind1=" " ind2=" " tag="040">
		<subfield code="a">RERO labcud</subfield>
	</datafield>
	<datafield ind1=" " ind2=" " tag="044">
		<subfield code="a">sz</subfield>
		<subfield code="c">ch-ge</subfield>
	</datafield>
	<datafield ind1=" " ind2="7" tag="072">
		<subfield code="a">s1th</subfield>
		<subfield code="2">rero</subfield>
	</datafield>
	<datafield ind1="0" ind2=" " tag="130">
		<subfield code="a">Documentation.</subfield>
		<subfield code="g">Minneapolis.</subfield>
		<subfield code="p">Lutheran University Press</subfield>
	</datafield>
	<datafield ind1="1" ind2="0" tag="245">
		<subfield code="a">Documentation /</subfield>
		<subfield code="c">The Lutheran World Federation</subfield>
	</datafield>
	<datafield ind1=" " ind2="1" tag="264">
		<subfield code="a">Minneapolis :</subfield>
		<subfield code="b">Lutheran University Press ;</subfield>
		<subfield code="a">Geneva :</subfield>
		<subfield code="b">Lutheran World Federation</subfield>
	</datafield>
	<datafield ind1=" " ind2=" " tag="336">
		<subfield code="b">txt</subfield>
		<subfield code="2">rdacontent</subfield>
	</datafield>
	<datafield ind1=" " ind2=" " tag="337">
		<subfield code="b">n</subfield>
		<subfield code="2">rdamedia</subfield>
	</datafield>
	<datafield ind1=" " ind2=" " tag="338">
		<subfield code="b">nc</subfield>
		<subfield code="2">rdacarrier</subfield>
	</datafield>
	<datafield ind1=" " ind2=" " tag="339">
		<subfield code="a">docmaintype_series</subfield>
	</datafield>
	<datafield ind1="0" ind2=" " tag="362">
		<subfield code="a">No 52(2007)-58(2013)</subfield>
	</datafield>
	<datafield ind1=" " ind2=" " tag="580">
		<subfield code="a">Fait suite à : LWF documentation. - Devient: LWF documentation</subfield>
	</datafield>
	<datafield ind1=" " ind2=" " tag="583">
		<subfield code="5">gevbge</subfield>
		<subfield code="a">BGE Rb 1763 a</subfield>
		<subfield code="z">2</subfield>
	</datafield>
	<datafield ind1="2" ind2=" " tag="710">
		<subfield code="a">Fédération luthérienne mondiale</subfield>
	</datafield>
	<datafield ind1="1" ind2="0" tag="780">
		<subfield code="t">LWF documentation</subfield>
		<subfield code="w">REROILS:2000111</subfield>
	</datafield>
	<datafield ind1="1" ind2="0" tag="785">
		<subfield code="t">LWF documentation</subfield>
		<subfield code="w">REROILS:2000111</subfield>
	</datafield>
	<datafield ind1=" " ind2=" " tag="900">
		<subfield code="a">noselfmerge</subfield>
	</datafield>
	<datafield ind1=" " ind2=" " tag="957">
		<subfield code="a">gevbge gewcc-</subfield>
	</datafield>
</record>