

<record>
	<leader>02098nas a2200577 a 4500</leader>
	<controlfield tag="001">REROILS:2000131</controlfield>
	<controlfield tag="003">RERO</controlfield>
	<controlfield tag="005">20201021123600.0</controlfield>
	<controlfield tag="008">960525d18841898sz |||p|| ||||0 || 0fre d</controlfield>
	<datafield ind1=" " ind2=" " tag="035">
		<subfield code="a">0125517</subfield>
	</datafield>
	<datafield ind1=" " ind2="9" tag="039">
		<subfield code="a">202010211236</subfield>
		<subfield code="b">VLOAD</subfield>
		<subfield code="c">202007102247</subfield>
		<subfield code="d">VLOAD</subfield>
		<subfield code="c">201811161933</subfield>
		<subfield code="d">VLOAD</subfield>
		<subfield code="c">201806301807</subfield>
		<subfield code="d">VLOAD</subfield>
		<subfield code="y">1999022713110000</subfield>
		<subfield code="z">load</subfield>
	</datafield>
	<datafield ind1=" " ind2=" " tag="040">
		<subfield code="a">RERO</subfield>
	</datafield>
	<datafield ind1=" " ind2=" " tag="044">
		<subfield code="a">sz</subfield>
		<subfield code="c">ch-vd</subfield>
	</datafield>
	<datafield ind1=" " ind2="7" tag="072">
		<subfield code="a">s1dr</subfield>
		<subfield code="2">rero</subfield>
	</datafield>
	<datafield ind1="0" ind2="0" tag="245">
		<subfield code="a">Revue judiciaire :</subfield>
		<subfield code="b">journal des tribunaux suisses</subfield>
	</datafield>
	<datafield ind1=" " ind2="1" tag="264">
		<subfield code="a">Lausanne :</subfield>
		<subfield code="b">Impr. Jaunin,</subfield>
		<subfield code="c">1884-1898</subfield>
	</datafield>
	<datafield ind1=" " ind2=" " tag="300">
		<subfield code="c">23 cm</subfield>
	</datafield>
	<datafield ind1=" " ind2=" " tag="336">
		<subfield code="b">txt</subfield>
		<subfield code="2">rdacontent</subfield>
	</datafield>
	<datafield ind1=" " ind2=" " tag="337">
		<subfield code="b">n</subfield>
		<subfield code="2">rdamedia</subfield>
	</datafield>
	<datafield ind1=" " ind2=" " tag="338">
		<subfield code="b">nc</subfield>
		<subfield code="2">rdacarrier</subfield>
	</datafield>
	<datafield ind1=" " ind2=" " tag="339">
		<subfield code="a">docmaintype_serial</subfield>
	</datafield>
	<datafield ind1="0" ind2=" " tag="362">
		<subfield code="a">Année 1(1884) - année 15(1898)</subfield>
	</datafield>
	<datafield ind1=" " ind2=" " tag="500">
		<subfield code="a">Porte aussi le titre de: Revue judiciaire : journal des tribunaux suisses et de législation</subfield>
	</datafield>
	<datafield ind1=" " ind2=" " tag="580">
		<subfield code="a">Absorbé conjointement par: Journal des tribunaux et revue judiciaire. Droit fédéral. Et par: Journal des tribunaux et revue judiciaire. Poursuite pour dettes et droit cantonal</subfield>
	</datafield>
	<datafield ind1=" " ind2="7" tag="650">
		<subfield code="a">Rechtswissenschaft</subfield>
		<subfield code="2">jurivoc</subfield>
		<subfield code="9">ger</subfield>
	</datafield>
	<datafield ind1=" " ind2="7" tag="650">
		<subfield code="a">Droit</subfield>
		<subfield code="2">rero</subfield>
	</datafield>
	<datafield ind1=" " ind2="7" tag="650">
		<subfield code="a">Jurisprudence</subfield>
		<subfield code="2">rero</subfield>
	</datafield>
	<datafield ind1=" " ind2="7" tag="651">
		<subfield code="a">Schweiz</subfield>
		<subfield code="2">jurivoc</subfield>
		<subfield code="9">ger</subfield>
	</datafield>
	<datafield ind1=" " ind2="7" tag="651">
		<subfield code="a">Suisse</subfield>
		<subfield code="2">rero</subfield>
		<subfield code="0">(IdRef)027249654</subfield>
	</datafield>
	<datafield ind1=" " ind2="7" tag="655">
		<subfield code="a">Periodikum</subfield>
		<subfield code="2">jurivoc</subfield>
		<subfield code="9">ger</subfield>
	</datafield>
	<datafield ind1=" " ind2="7" tag="655">
		<subfield code="a">[Périodiques]</subfield>
		<subfield code="2">rero</subfield>
	</datafield>
	<datafield ind1="1" ind2="0" tag="785">
		<subfield code="t">Journal des tribunaux et revue judiciaire. Droit fédéral</subfield>
		<subfield code="w">REROILS:2000134</subfield>
	</datafield>
	<datafield ind1="1" ind2="0" tag="785">
		<subfield code="t">Journal des tribunaux et revue judiciaire. Poursuite pour dettes et droit cantonal</subfield>
		<subfield code="w">REROILS:2000124</subfield>
	</datafield>
	<datafield ind1=" " ind2=" " tag="900">
		<subfield code="a">noselfmerge</subfield>
	</datafield>
	<datafield ind1=" " ind2=" " tag="903">
		<subfield code="a">ofjper</subfield>
		<subfield code="c">04</subfield>
	</datafield>
	<datafield ind1=" " ind2=" " tag="903">
		<subfield code="a">tflap</subfield>
		<subfield code="b">0</subfield>
		<subfield code="c">CH02</subfield>
	</datafield>
	<datafield ind1=" " ind2=" " tag="919">
		<subfield code="9">650 _7</subfield>
		<subfield code="a">droit</subfield>
		<subfield code="z">Suisse</subfield>
		<subfield code="v">[périodique]</subfield>
		<subfield code="2">chrero</subfield>
	</datafield>
	<datafield ind1=" " ind2=" " tag="919">
		<subfield code="9">650 _7</subfield>
		<subfield code="a">jurisprudence</subfield>
		<subfield code="z">Suisse</subfield>
		<subfield code="v">[périodique]</subfield>
		<subfield code="2">chrero</subfield>
	</datafield>
	<datafield ind1=" " ind2=" " tag="948">
		<subfield code="a">Année 1(1884) - 15(1898)</subfield>
		<subfield code="9">iftfla</subfield>
	</datafield>
	<datafield ind1=" " ind2=" " tag="953">
		<subfield code="a">ifofj- iftfla</subfield>
	</datafield>
	<datafield ind1=" " ind2=" " tag="956">
		<subfield code="a">frbcuc frvtcf</subfield>
	</datafield>
	<datafield ind1=" " ind2=" " tag="957">
		<subfield code="a">gevbge</subfield>
	</datafield>
	<datafield ind1=" " ind2=" " tag="962">
		<subfield code="a">nebpun neubfd</subfield>
	</datafield>
	<datafield ind1=" " ind2=" " tag="973">
		<subfield code="a">vsbcvs</subfield>
	</datafield>
	<datafield ind1=" " ind2=" " tag="980">
		<subfield code="2">dr-sys</subfield>
		<subfield code="a">CA/CH 11 d</subfield>
	</datafield>
	<datafield ind1=" " ind2=" " tag="983">
		<subfield code="2">iftfla</subfield>
		<subfield code="a">TFLa A 10/8</subfield>
	</datafield>
	<datafield ind1=" " ind2=" " tag="983">
		<subfield code="2">ifofj-</subfield>
		<subfield code="a">Per CA/CH 11 f REJU</subfield>
	</datafield>
	<datafield ind1=" " ind2=" " tag="992">
		<subfield code="a">BGE DA 431</subfield>
		<subfield code="x">ge/vbge/a/19</subfield>
	</datafield>
	<datafield ind1=" " ind2=" " tag="994">
		<subfield code="a">BPUN PW 5742</subfield>
		<subfield code="x">ne/bpun/w</subfield>
	</datafield>
</record>