

<record>
	<leader>01825nas a2200397 a 4500</leader>
	<controlfield tag="001">REROILS:2000133</controlfield>
	<controlfield tag="003">RERO</controlfield>
	<controlfield tag="005">20200907163100.0</controlfield>
	<controlfield tag="008">900525d18981936sz |||p|| ||||0 || 0fre d</controlfield>
	<datafield ind1=" " ind2=" " tag="035">
		<subfield code="a">1246990</subfield>
	</datafield>
	<datafield ind1=" " ind2="9" tag="039">
		<subfield code="a">202009071631</subfield>
		<subfield code="b">VLOAD</subfield>
		<subfield code="c">201908271118</subfield>
		<subfield code="d">VLOAD</subfield>
		<subfield code="c">201807021306</subfield>
		<subfield code="d">VLOAD</subfield>
		<subfield code="c">201705170832</subfield>
		<subfield code="d">VLOAD</subfield>
		<subfield code="y">1999022815070000</subfield>
		<subfield code="z">load</subfield>
	</datafield>
	<datafield ind1=" " ind2=" " tag="040">
		<subfield code="a">RERO gevmhn</subfield>
	</datafield>
	<datafield ind1=" " ind2=" " tag="044">
		<subfield code="a">sz</subfield>
		<subfield code="c">ch-vd</subfield>
	</datafield>
	<datafield ind1=" " ind2="7" tag="072">
		<subfield code="a">s1zo</subfield>
		<subfield code="2">rero</subfield>
	</datafield>
	<datafield ind1="0" ind2="0" tag="245">
		<subfield code="a">Bulletin suisse de pêche et pisciculture :</subfield>
		<subfield code="b">supplément français de la &quot;Schweiz. Fischerei-Zeitung&quot; : [puis] organe français de la Société suisse de pêche et pisciculture</subfield>
	</datafield>
	<datafield ind1=" " ind2="1" tag="264">
		<subfield code="a">Aigle :</subfield>
		<subfield code="b">Impr. de la Feuille d'avis du district d'Aigle ;</subfield>
		<subfield code="a">[puis] Neuchâtel :</subfield>
		<subfield code="b">Société suisse de pêche et pisciculture</subfield>
	</datafield>
	<datafield ind1=" " ind2=" " tag="300">
		<subfield code="c">27 cm</subfield>
	</datafield>
	<datafield ind1=" " ind2=" " tag="310">
		<subfield code="a">Mensuel</subfield>
	</datafield>
	<datafield ind1=" " ind2=" " tag="336">
		<subfield code="b">txt</subfield>
		<subfield code="2">rdacontent</subfield>
	</datafield>
	<datafield ind1=" " ind2=" " tag="337">
		<subfield code="b">n</subfield>
		<subfield code="2">rdamedia</subfield>
	</datafield>
	<datafield ind1=" " ind2=" " tag="338">
		<subfield code="b">nc</subfield>
		<subfield code="2">rdacarrier</subfield>
	</datafield>
	<datafield ind1=" " ind2=" " tag="339">
		<subfield code="a">docmaintype_serial</subfield>
	</datafield>
	<datafield ind1="0" ind2=" " tag="362">
		<subfield code="a">Année 1(1898/1899) - année 37(1936)</subfield>
	</datafield>
	<datafield ind1=" " ind2=" " tag="580">
		<subfield code="a">Devient: Le pêcheur suisse</subfield>
	</datafield>
	<datafield ind1=" " ind2=" " tag="580">
		<subfield code="a">De 1898 à 1901, suppl. de: Schweizerische Fischerei-Zeitung</subfield>
	</datafield>
	<datafield ind1="2" ind2=" " tag="710">
		<subfield code="a">Société suisse de pêche et pisciculture</subfield>
		<subfield code="0">(IdRef)184282624</subfield>
	</datafield>
	<datafield ind1="1" ind2=" " tag="772">
		<subfield code="t">Schweizerische Fischerei-Zeitung : offizielles Organ des Schweizerischen Fischerei-Verbandes und seiner Sektionen</subfield>
		<subfield code="w">REROILS:2000139</subfield>
	</datafield>
	<datafield ind1="1" ind2="0" tag="785">
		<subfield code="t">Pêcheur suisse = Der Schweizer Fischer = Il pescatore svizzero : revue technique et sportive de l'économie piscicole en Suisse : organe officiel de la Société suisse de pêche et pisciculture</subfield>
		<subfield code="w">REROILS:2000127</subfield>
	</datafield>
	<datafield ind1=" " ind2=" " tag="900">
		<subfield code="a">noselfmerge</subfield>
	</datafield>
	<datafield ind1=" " ind2=" " tag="957">
		<subfield code="a">gevbge gevmhn</subfield>
	</datafield>
	<datafield ind1=" " ind2=" " tag="962">
		<subfield code="a">nebpun necfbv necmhn</subfield>
	</datafield>
	<datafield ind1=" " ind2=" " tag="982">
		<subfield code="2">ge-vmhn</subfield>
		<subfield code="a">P 1 Sui 1</subfield>
	</datafield>
	<datafield ind1=" " ind2=" " tag="992">
		<subfield code="a">MHN POI P 33</subfield>
		<subfield code="x">ge/vmhn/x</subfield>
	</datafield>
	<datafield ind1=" " ind2=" " tag="994">
		<subfield code="a">PU 1155</subfield>
		<subfield code="x">ne/bpun/d</subfield>
	</datafield>
	<datafield ind1=" " ind2=" " tag="994">
		<subfield code="a">CFV VF 33127</subfield>
		<subfield code="x">-</subfield>
	</datafield>
</record>