

<record>
	<leader>01704nas a2200373 a 4500</leader>
	<controlfield tag="001">REROILS:2000139</controlfield>
	<controlfield tag="003">RERO</controlfield>
	<controlfield tag="005">20170517075300.0</controlfield>
	<controlfield tag="008">890217d18931969sz |||p|| ||||0 || 0ger d</controlfield>
	<datafield ind1=" " ind2=" " tag="035">
		<subfield code="a">1079837</subfield>
	</datafield>
	<datafield ind1=" " ind2="9" tag="039">
		<subfield code="a">201705170753</subfield>
		<subfield code="b">VLOAD</subfield>
		<subfield code="c">200902171729</subfield>
		<subfield code="d">1009</subfield>
		<subfield code="c">200902171726</subfield>
		<subfield code="d">1009</subfield>
		<subfield code="c">200812220145</subfield>
		<subfield code="d">VLOAD</subfield>
		<subfield code="y">1999022811120000</subfield>
		<subfield code="z">load</subfield>
	</datafield>
	<datafield ind1=" " ind2=" " tag="040">
		<subfield code="a">RERO gevmhn</subfield>
	</datafield>
	<datafield ind1=" " ind2="7" tag="072">
		<subfield code="a">s1zo</subfield>
		<subfield code="2">rero</subfield>
	</datafield>
	<datafield ind1="0" ind2="0" tag="245">
		<subfield code="a">Schweizerische Fischerei-Zeitung :</subfield>
		<subfield code="b">offizielles Organ des Schweizerischen Fischerei-Verbandes und seiner Sektionen</subfield>
	</datafield>
	<datafield ind1=" " ind2="1" tag="264">
		<subfield code="a">Pfäffikon Zürich :</subfield>
		<subfield code="b">E. Zwingli :</subfield>
		<subfield code="b">[dann] Kunz ;</subfield>
		<subfield code="a">[dann] Bern :</subfield>
		<subfield code="b">W. Steiger</subfield>
	</datafield>
	<datafield ind1=" " ind2=" " tag="300">
		<subfield code="c">25 [puis] 30 cm</subfield>
	</datafield>
	<datafield ind1=" " ind2=" " tag="336">
		<subfield code="b">txt</subfield>
		<subfield code="2">rdacontent</subfield>
	</datafield>
	<datafield ind1=" " ind2=" " tag="337">
		<subfield code="b">n</subfield>
		<subfield code="2">rdamedia</subfield>
	</datafield>
	<datafield ind1=" " ind2=" " tag="338">
		<subfield code="b">nc</subfield>
		<subfield code="2">rdacarrier</subfield>
	</datafield>
	<datafield ind1=" " ind2=" " tag="339">
		<subfield code="a">docmaintype_serial</subfield>
	</datafield>
	<datafield ind1="0" ind2=" " tag="362">
		<subfield code="a">Jg. 1(1893) - Jg. 77(1969)</subfield>
	</datafield>
	<datafield ind1=" " ind2=" " tag="500">
		<subfield code="a">Dès 1958, la couv. porte: Fischerei</subfield>
	</datafield>
	<datafield ind1=" " ind2=" " tag="500">
		<subfield code="a">Le sous-titre varie</subfield>
	</datafield>
	<datafield ind1=" " ind2=" " tag="500">
		<subfield code="a">De 1893 à 1916, la collectivité éditrice avait pour nom: Schweizerischer Fischereiverein, puis, de 1917 à 1958: Schweizerischer Fischerei-Verein</subfield>
	</datafield>
	<datafield ind1=" " ind2=" " tag="580">
		<subfield code="a">Devient: Fischerei</subfield>
	</datafield>
	<datafield ind1=" " ind2=" " tag="580">
		<subfield code="a">De 1898 à 1901, a pour suppl.: Bulletin suisse de pêche et pisciculture</subfield>
	</datafield>
	<datafield ind1="2" ind2=" " tag="710">
		<subfield code="a">Société suisse de pêche et pisciculture</subfield>
		<subfield code="0">(IdRef)184282624</subfield>
	</datafield>
	<datafield ind1="2" ind2=" " tag="710">
		<subfield code="a">Fédération suisse de pêche et pisciculture</subfield>
	</datafield>
	<datafield ind1="1" ind2=" " tag="770">
		<subfield code="t">Bulletin suisse de pêche et pisciculture : supplément français de la &quot;Schweiz. Fischerei-Zeitung&quot; : [puis] organe français de la Société suisse de pêche et pisciculture</subfield>
		<subfield code="w">REROILS:2000133</subfield>
	</datafield>
	<datafield ind1="1" ind2="0" tag="785">
		<subfield code="t">Fischerei : schweizerische Fischerei-Zeitung : Organ des Schweizerischen Fischerei-Verbandes</subfield>
	</datafield>
	<datafield ind1=" " ind2=" " tag="900">
		<subfield code="a">noselfmerge</subfield>
	</datafield>
	<datafield ind1=" " ind2=" " tag="957">
		<subfield code="a">gevmhn</subfield>
	</datafield>
	<datafield ind1=" " ind2=" " tag="982">
		<subfield code="2">ge-vmhn</subfield>
		<subfield code="a">P 1 Sui 3</subfield>
	</datafield>
	<datafield ind1=" " ind2=" " tag="992">
		<subfield code="a">MHN POI P 35</subfield>
		<subfield code="x">ge/vmhn/a</subfield>
		<subfield code="x">ge/vmhn/d</subfield>
	</datafield>
</record>