

<record>
	<leader>01266nas a2200349 a 4500</leader>
	<controlfield tag="001">REROILS:2000149</controlfield>
	<controlfield tag="003">RERO</controlfield>
	<controlfield tag="005">20180630180600.0</controlfield>
	<controlfield tag="008">960525d18391843sz |||p|| ||||0 || 0fre d</controlfield>
	<datafield ind1=" " ind2=" " tag="035">
		<subfield code="a">0125508</subfield>
	</datafield>
	<datafield ind1=" " ind2="9" tag="039">
		<subfield code="a">201806301806</subfield>
		<subfield code="b">VLOAD</subfield>
		<subfield code="c">201706101413</subfield>
		<subfield code="d">VLOAD</subfield>
		<subfield code="c">201605131549</subfield>
		<subfield code="d">VLOAD</subfield>
		<subfield code="c">201603111311</subfield>
		<subfield code="d">VLOAD</subfield>
		<subfield code="y">1999022713110000</subfield>
		<subfield code="z">load</subfield>
	</datafield>
	<datafield ind1=" " ind2=" " tag="040">
		<subfield code="a">RERO</subfield>
	</datafield>
	<datafield ind1=" " ind2=" " tag="044">
		<subfield code="a">sz</subfield>
		<subfield code="c">ch-vd</subfield>
	</datafield>
	<datafield ind1=" " ind2="7" tag="072">
		<subfield code="a">s1dr</subfield>
		<subfield code="2">rero</subfield>
	</datafield>
	<datafield ind1="0" ind2=" " tag="130">
		<subfield code="a">Droit.</subfield>
		<subfield code="g">Lausanne</subfield>
	</datafield>
	<datafield ind1="1" ind2="3" tag="245">
		<subfield code="a">Le Droit :</subfield>
		<subfield code="b">recueil des jugements tendant à fixer la jurisprudence dans le canton de Vaud</subfield>
	</datafield>
	<datafield ind1=" " ind2="1" tag="264">
		<subfield code="a">Lausanne :</subfield>
		<subfield code="b">M. Ducloux</subfield>
	</datafield>
	<datafield ind1=" " ind2=" " tag="300">
		<subfield code="c">22 cm</subfield>
	</datafield>
	<datafield ind1=" " ind2=" " tag="336">
		<subfield code="b">txt</subfield>
		<subfield code="2">rdacontent</subfield>
	</datafield>
	<datafield ind1=" " ind2=" " tag="337">
		<subfield code="b">n</subfield>
		<subfield code="2">rdamedia</subfield>
	</datafield>
	<datafield ind1=" " ind2=" " tag="338">
		<subfield code="b">nc</subfield>
		<subfield code="2">rdacarrier</subfield>
	</datafield>
	<datafield ind1=" " ind2=" " tag="339">
		<subfield code="a">docmaintype_serial</subfield>
	</datafield>
	<datafield ind1="0" ind2=" " tag="362">
		<subfield code="a">T. 1(1839) - T. 4(1842)</subfield>
	</datafield>
	<datafield ind1=" " ind2=" " tag="580">
		<subfield code="a">Devient: Journal de jurisprudence et des tribunaux vaudois</subfield>
	</datafield>
	<datafield ind1=" " ind2="7" tag="650">
		<subfield code="a">Droit</subfield>
		<subfield code="2">rero</subfield>
	</datafield>
	<datafield ind1=" " ind2="7" tag="651">
		<subfield code="a">Vaud (Suisse)</subfield>
		<subfield code="2">rero</subfield>
	</datafield>
	<datafield ind1=" " ind2="7" tag="655">
		<subfield code="a">[Jurisprudence]</subfield>
		<subfield code="2">rero</subfield>
	</datafield>
	<datafield ind1="1" ind2="0" tag="785">
		<subfield code="t">Journal de Jurisprudence et des Tribunaux Vaudois</subfield>
		<subfield code="w">REROILS:2000148</subfield>
	</datafield>
	<datafield ind1=" " ind2=" " tag="900">
		<subfield code="a">swissbibnomerge</subfield>
	</datafield>
	<datafield ind1=" " ind2=" " tag="919">
		<subfield code="9">650 _7</subfield>
		<subfield code="a">droit</subfield>
		<subfield code="z">Vaud (Suisse)</subfield>
		<subfield code="v">[jurisprudence]</subfield>
		<subfield code="2">chrero</subfield>
	</datafield>
	<datafield ind1=" " ind2=" " tag="956">
		<subfield code="a">frbcuc</subfield>
	</datafield>
</record>
</collection>
